@misc(ranking-survey,
    Author = "Ihab Ilyas and George Beskales and Mohamed A. Soliman",
    Title = "{A Survey of Top-k Query Processing Techniques in Relational Database Systems}",
    Howpublished = "ACM Computing Surveys",
    Year = 2008
)

@ARTICLE{CoPhIR,
  title     = {{C}o{P}h{I}{R}: a Test Collection for Content-Based Image Retrieval},
  author    = {Paolo Bolettieri and Andrea Esuli and Fabrizio Falchi and Claudio Lucchese and Raffaele Perego and Tommaso Piccioli and Fausto Rabitti},
  journal   = {{C}o{R}{R}},
  year      = {2009}
}

@book{book/KaufmanR90,
	title = {Finding Groups in Data: an introduction to cluster analysis},
	author = {L. Kaufman and P.J. Rousseeuw},
	publisher = {John Wiley and Sons, New York},
	year = {1990},
}

@book{book/nestedrelations,
  author    = {Serge Abiteboul and P. C. Fischer and Hans-Jorg Schek},
  title     = {Nested Relations and Complex Objects in Databases (LNCS)},
  publisher = {Springer},
  year      = {1989}
}

@book{book/sql99,
  author     = {ISO},
  title      = {{ISO\slash IEC 9075-1:1999: Information technology ---
                 Database languages --- SQL --- Part 1: Framework
                 (SQL\slash Framework)}},
  publisher = {International Organization for Standardization},
  year      = {1999},
}

@book{books/aw/Baeza-YatesR99,
  author    = {Ricardo A. Baeza-Yates and
               Berthier A. Ribeiro-Neto},
  title     = {Modern Information Retrieval},
  publisher = {ACM Press / Addison-Wesley},
  year      = {1999},
  isbn      = {0-201-39829-X},
  bibsource = {DBLP, http://dblp.uni-trier.de}
}

@book{books/cpp/Alexandrescu01,
  author    = {Andrei Alexandrescu},
  title     = {Modern C++ Design: Generic Programming and Design Patterns Applied},
  publisher = {Addison-Wesley},
  year      = {2001},
  isbn      = {0-201-70431-5},
}

@book{books/mg/RamakrishnanG02,
  author    = {Raghu Ramakrishnan and
               Johannes Gehrke},
  title     = {Database Management Systems},
  publisher = {WCB/McGraw-Hill},
  year      = {2002}
}

@book{books/mk/BunemanSA99,
  author    = {Serge Abiteboul and
               Peter Buneman and
               Dan Suciu},
  title     = {Data on the Web: From Relations to Semistructured Data and
               XML},
  publisher = {Morgan Kaufmann},
  year      = {1999},
  isbn      = {1-55860-622-X},
  bibsource = {DBLP, http://dblp.uni-trier.de}
}

@inproceedings{conf/VernicaCL10,
   author      = {Rares Vernica and Michael Carey and Chen Li},
   title       = {Efficient Parallel Set-Similarity Joins Using
                  {MapReduce}},
   booktitle   = {SIGMOD Conference},
   year        = {2010},
}

@inproceedings{conf/aaai/DavisonH98,
  author    = {Brian D. Davison and Haym Hirsh},
  title     = {Predicting Sequences of User Actions},
  booktitle = {AAAI/ICML Workshop on Predicting the Future},
  year      = {1998}
}

@inproceedings{conf/aaai/LiMR04,
  author    = {Xin Li and
               Paul Morie and
               Dan Roth},
  title     = {Identification and Tracing of Ambiguous Names: Discriminative
               and Generative Approaches},
  booktitle = {AAAI},
  year      = {2004},
  pages     = {419-424}
}

@InProceedings{conf/acl/DyerCMJ08,
  author    = {Dyer, Chris  and  Cordova, Aaron  and  Mont, Alex  and  Lin, Jimmy},
  title     = {Fast, Easy, and Cheap: Construction of Statistical Machine Translation Models with MapReduce},
  booktitle = {Proceedings of the Third Workshop on Statistical Machine Translation},
  month     = {June},
  year      = {2008},
  address   = {Columbus, Ohio},
  publisher = {Association for Computational Linguistics},
  pages     = {199--207},
  url       = {http://www.aclweb.org/anthology/W/W08/W08-0333}
}

@inproceedings{conf/acl/ElsayedLO08,
  author    = {Tamer Elsayed and Jimmy Lin and Douglas W. Oard},
  title     = {Pairwise Document Similarity in Large Collections with MapReduce},
  booktitle = {ACL},
  year      = {2008},
}

@inproceedings{conf/acsc/LesterWZ04,
  author = {Nicholas Lester and Hugh E. Williams and Justin Zobel},
  title = {In-Place versus Re-Build versus Re-Merge: Index Maintenance Strategies for Text Retrieval Systems},
  bookTitle = {ACS},
  year = {2004} 
}

@inproceedings{conf/adbc/Zobel93,
  author = {Justin Zobel and Alistair Moffat and Ron Sacks-davis},
  title = {Storage management for files of dynamic records},
  booktitle = {Proc. 4th Australian Database Conference},
  year = {1993}
}

@inproceedings{conf/adc/WilliamsZA99,
  author    = {Hugh E. Williams and
               Justin Zobel and
               Phil Anderson},
  title     = {What's Next? Index Structures for Efficient Phrase Querying},
  booktitle = {Australasian Database Conference},
  year      = {1999},
  pages     = {141-152},
  bibsource = {DBLP, http://dblp.uni-trier.de}
}

@inproceedings{conf/asplos/GuptaKU09,
  author    = {Aayush Gupta and
               Youngjae Kim and
               Bhuvan Urgaonkar},
  title     = {DFTL: a flash translation layer employing demand-based selective
               caching of page-level address mappings},
  booktitle = {ASPLOS},
  year      = {2009},
  pages     = {229-240},
}

@inproceedings{conf/cidr/BastW07,
  author    = {Holger Bast and
               Ingmar Weber},
  title     = {The CompleteSearch Engine: Interactive, Efficient, and Towards
               IR{\&} DB Integration},
  booktitle = {CIDR},
  year      = {2007},
  pages     = {88-95},
  ee        = {http://www.cidrdb.org/cidr2007/papers/cidr07p09.pdf},
  bibsource = {DBLP, http://dblp.uni-trier.de}
}

@inproceedings{conf/cikm/BüttcherC07,
  author = {Stefan Buettcher and Charles L. A. Clarke},
  title = {Index compression is good, especially for random access},
  booktitle = {CIKM},
  year = {2007}
}

@inproceedings{conf/cikm/HoreHIM04,
  author    = {Bijit Hore and
               Hakan Hacig{\"u}m{\"u}s and
               Balakrishna R. Iyer and
               Sharad Mehrotra},
  title     = {Indexing text data under space constraints},
  booktitle = {CIKM},
  year      = {2004},
  pages     = {198-207},
  ee        = {http://doi.acm.org/10.1145/1031171.1031212},
  bibsource = {DBLP, http://dblp.uni-trier.de}
}

@inproceedings{conf/cikm/LesterMZ05,
  author = {Nicholas Lester and Alistair Moffat and Justin Zoebel},
  title = {Fast on-line index construction by geometric partitioning},
  booktitle = {CIKM 2005},
  year = {2005},
  isbn = {1-59593-140-6},
  pages = {776--783},
  location = {Bremen, Germany},
  publisher = {ACM}
}

@inproceedings{conf/cikm/ZhouXWGM05,
  author    = {Yinghua Zhou and
              Xing Xie and
              Chuang Wang and
              Yuchang Gong and
              Wei-Ying Ma},
  title     = {Hybrid index structures for location-based web search},
  booktitle = {CIKM},
  year      = {2005}
}

@inproceedings{conf/comad/ZhongLDLMS06,
   author    = {Qi Zhong and 
                Iosif Lazaridis and 
                Mayur Deshpande and
                Chen Li and 
                Sharad Mehrotra and 
                Hal Stern},
   title     = {Supporting Approximate Similarity Queries with Quality Guarantees in
P2P Systems},
   booktitle = {COMAD},
   year      = {2006},
}

@inproceedings{conf/cpm/SutinenT96,
  author    = {Erkki Sutinen and
               Jorma Tarhio},
  title     = {Filtration with q-Samples in Approximate String Matching},
  booktitle = {CPM},
  year      = {1996},
  pages     = {50-63}
}

@inproceedings{conf/dasfaa/AlsubaieeL10,
  author    = {Sattam Alsubaiee and Chen Li},
  title     = {Fuzzy Keyword Search on Spatial Data (Demo)},
  booktitle = {DASFAA},
  year      = {2010},
}

@inproceedings{conf/dasfaa/JinLM03,
  author    = {Liang Jin and
               Chen Li and
               Sharad Mehrotra},
  title     = {Efficient Record Linkage in Large Data Sets},
  booktitle = {DASFAA},
  year      = {2003},
  pages     = {137-},
  ee        = {http://computer.org/proceedings/dasfaa/1895/18950137abs.htm},
  bibsource = {DBLP, http://dblp.uni-trier.de}
}

@inproceedings{conf/dasfaa/LiSY07,
  author    = {Chen Li and
               Houtan Shirani-Mehr and
               Xiaochun Yang},
  title     = {Protecting Individual Information Against Inference Attacks
               in Data Publishing},
  booktitle = {DASFAA},
  year      = {2007},
  pages     = {422-433},
  ee        = {http://dx.doi.org/10.1007/978-3-540-71703-4_37},
  bibsource = {DBLP, http://dblp.uni-trier.de}
}


@inproceedings{conf/dexa/KhodaeiSL10,
  author    = {Ali Khodaei and
               Cyrus Shahabi and
               Chen Li},
  title     = {Hybrid Indexing and Seamless Ranking of Spatial and Textual
               Features of Web Documents},
  booktitle = {DEXA},
  year      = {2010},
  pages     = {450-466},
}

@inproceedings{conf/ecir/BüttcherC06,
    author = {Stefan Buettcher and Charles L. A. Clarke},
    title = {A Hybrid Approach to Index Maintenance in Dynamic Text Retrieval Systems},
    booktitle = {ECIR 2006},
    year = {2006},
    pages = {229--240}
}

@inproceedings{conf/edbt/AfratiLM04,
  author    = {Foto N. Afrati and
               Chen Li and
               Prasenjit Mitra},
  title     = {On Containment of Conjunctive Queries with Arithmetic Comparisons},
  booktitle = {EDBT},
  year      = {2004},
  pages     = {459-476},
  ee        = {http://springerlink.metapress.com/openurl.asp?genre=article{\&}issn=0302-9743{\&}volume=2992{\&}spage=459},
  bibsource = {DBLP, http://dblp.uni-trier.de}
}

@inproceedings{conf/edbt/AfratiLP08,
  author    = {Foto Afrati and Chen Li and Vassia  Pavlaki},
  title     = {Data Exchange with Arithmetic Comparisons},
  booktitle = {EDBT},
  year      = {2008},
}

@inproceedings{conf/edbt/BotevAS06,
 author    = {Chavdar Botev and
              Sihem Amer-Yahia and
              Jayavel Shanmugasundaram},
 title     = {Expressiveness and Performance of Full-Text Search Languages},
 booktitle = {EDBT},
 year      = {2006},
 pages     = {349-367},
 ee        = {http://dx.doi.org/10.1007/11687238_23},
 bibsource = {DBLP, http://dblp.uni-trier.de}
}

@inproceedings{conf/edbt/JinKL04,
  author    = {Liang Jin and
               Nick Koudas and
               Chen Li},
  title     = {NNH: Improving Performance of Nearest-Neighbor Searches
               Using Histograms},
  booktitle = {EDBT},
  year      = {2004},
  pages     = {385-402},
  ee        = {http://springerlink.metapress.com/openurl.asp?genre=article{\&}issn=0302-9743{\&}volume=2992{\&}spage=385},
  bibsource = {DBLP, http://dblp.uni-trier.de}
}

@inproceedings{conf/edbt/TaoY09,
  author     = {Yufei Tao and Jeffrey Xu Yu},
  title      = {Finding Frequent Co-occurring Terms in Relational Keyword Search},
  booktitle  = {EDBT},
  year       = {2009}
}

@inproceedings{conf/edbt/XuP08,
  author    = {Yu Xu and
               Yannis Papakonstantinou},
  title     = {{Efficient LCA based keyword search in XML data}},
  booktitle = {EDBT},
  year      = {2008},
  pages     = {535-546},
  ee        = {http://doi.acm.org/10.1145/1353343.1353408},
  bibsource = {DBLP, http://dblp.uni-trier.de}
}

@inproceedings{conf/esa/SutinenT95,
  author    = {Erkki Sutinen and
               Jorma Tarhio},
  title     = {On Using q-Gram Locations in Approximate String Matching},
  booktitle = {ESA},
  year      = {1995},
  pages     = {327-340}
}

@inproceedings{conf/eurosys/IsardBYBF07,
  author    = {Michael Isard and
               Mihai Budiu and
               Yuan Yu and
               Andrew Birrell and
               Dennis Fetterly},
  title     = {Dryad: distributed data-parallel programs from sequential
               building blocks},
  booktitle = {EuroSys},
  year      = {2007},
  pages     = {59-72},
  ee        = {http://doi.acm.org/10.1145/1272996.1273005},
  bibsource = {DBLP, http://dblp.uni-trier.de}
}

@inproceedings{conf/fast/KimA08,
  author    = {Hyojun Kim and
               Seongjun Ahn},
  title     = {BPLRU: A Buffer Management Scheme for Improving Random Writes
               in Flash Storage},
  booktitle = {FAST},
  year      = {2008},
  pages     = {239-252},
}

@inproceedings{conf/gir/MartinsSR05,
  author    = {Bruno Martins and
               M{\'a}rio J. Silva and
               Leonardo Andrade Ribeiro},
  title     = {Indexing and ranking in Geo-IR systems},
  booktitle = {GIR},
  year      = {2005},
  pages     = {31-34},
}

@inproceedings{conf/icde/AgrawalCD02,
  author    = {Sanjay Agrawal and
               Surajit Chaudhuri and
               Gautam Das},
  title     = {DBXplorer: A System for Keyword-Based Search over Relational
               Databases},
  booktitle = {ICDE},
  year      = {2002},
  pages     = {5-16},
  ee        = {http://csdl.computer.org/comp/proceedings/icde/2002/1531/00/15310005abs.htm},
  bibsource = {DBLP, http://dblp.uni-trier.de}
}

@inproceedings{conf/icde/ArasuCK08,
  author    = {Arvind Arasu and Surajit Chaudhuri and Raghav Kaushik},
  Title = {Transformation-based Framework for Record Matching},
  booktitle = {ICDE},
  year      = {2008},
  pages = {40-49}
}

@inproceedings{conf/icde/BarbaraMV96,
 author = {Daniel Barbar\'{a} and Sharad Mehrotra and Padmavathi Vallabhaneni},
 title = {The Gold Text Indexing Engine},
 booktitle = {ICDE '96: Proceedings of the Twelfth International Conference on Data Engineering},
 year = {1996},
 isbn = {0-8186-7240-4},
 pages = {172--179},
 publisher = {IEEE Computer Society},
 address = {Washington, DC, USA},
}

@inproceedings{conf/icde/BehmJLL09,
  author    = {Alexander Behm and Shengyue Ji and Chen Li and Jiaheng Lu},
  title     = {Space-Constrained Gram-Based Indexing for Efficient Approximate String Search},
  booktitle = {ICDE},
  year      = {2009}
}

@inproceedings{conf/icde/BhalotiaHNCS02,
  author    = {Gaurav Bhalotia and
               Arvind Hulgeri and
               Charuta Nakhe and
               Soumen Chakrabarti and
               S. Sudarshan},
  title     = {Keyword Searching and Browsing in Databases using BANKS},
  booktitle = {ICDE},
  year      = {2002},
  pages     = {431-440},
  ee        = {http://csdl.computer.org/comp/proceedings/icde/2002/1531/00/15310431abs.htm},
  bibsource = {DBLP, http://dblp.uni-trier.de}
}

@inproceedings{conf/icde/ChaudhuriGG04,
  author    = {Surajit Chaudhuri and
               Venkatesh Ganti and
               Luis Gravano},
  title     = {Selectivity Estimation for String Predicates: Overcoming
               the Underestimation Problem},
  booktitle = {ICDE},
  year      = {2004},
  pages     = {227-238},
  ee        = {http://csdl.computer.org/comp/proceedings/icde/2004/2065/00/20650227abs.htm},
  bibsource = {DBLP, http://dblp.uni-trier.de}
}

@inproceedings{conf/icde/ChaudhuriGK06,
  author    = {Surajit Chaudhuri and
               Venkatesh Ganti and
               Raghav Kaushik},
  title     = {A Primitive Operator for Similarity Joins in Data Cleaning},
  booktitle = {ICDE},
  year      = {2006},
  pages     = {5},
  ee        = {http://doi.ieeecomputersociety.org/10.1109/ICDE.2006.9},
  bibsource = {DBLP, http://dblp.uni-trier.de}
}

@inproceedings{conf/icde/CohenDFGIMUY00,
  author    = {Edith Cohen and
               Mayur Datar and
               Shinji Fujiwara and
               Aristides Gionis and
               Piotr Indyk and
               Rajeev Motwani and
               Jeffrey D. Ullman and
               Cheng Yang},
  title     = {Finding Interesting Associations without Support Pruning},
  booktitle = {ICDE},
  year      = {2000},
  pages     = {489-499},
  ee        = {http://doi.ieeecomputersociety.org/10.1109/ICDE.2000.839448},
  bibsource = {DBLP, http://dblp.uni-trier.de}
}

@inproceedings{conf/icde/DingYWQZL07,
  author    = {Bolin Ding and
               Jeffrey Xu Yu and
               Shan Wang and
               Lu Qin and
               Xiao Zhang and
               Xuemin Lin},
  title     = {Finding Top-k Min-Cost Connected Trees in Databases},
  booktitle = {ICDE},
  year      = {2007},
  pages     = {836-845},
  ee        = {http://dx.doi.org/10.1109/ICDE.2007.367929},
  bibsource = {DBLP, http://dblp.uni-trier.de}
}

@inproceedings{conf/icde/FelipeHR08,
  author    = {Ian De Felipe and
               Vagelis Hristidis and
               Naphtali Rishe},
  title     = {Keyword Search on Spatial Databases},
  booktitle = {ICDE},
  year      = {2008}
}
  
@inproceedings{conf/icde/GantiCM05,
  author    = {Surajit Chaudhuri and
               Venkatesh Ganti and
               Rajeev Motwani},
  title     = {Robust Identification of Fuzzy Duplicates},
  booktitle = {ICDE},
  year      = {2005},
  pages     = {865-876},
  ee        = {http://csdl.computer.org/comp/proceedings/icde/2005/2285/00/22850865abs.htm},
  bibsource = {DBLP, http://dblp.uni-trier.de}
}

@inproceedings{conf/icde/GravanoIKS00,
  author = {Luis Gravano and Panagiotis G. Ipeirotis and Nick Koudas and Divesh Srivastava},
  title = {Text Joins for Data Cleansing and Integration in an {RDBMS}},
  booktitle =  {ICDE},
  year = {2003},
  pages = {729-731}
}

@inproceedings{conf/icde/GuoSY07,
  author    = {Lin Guo and
               Jayavel Shanmugasundaram and
               Golan Yona},
  title     = {Topology Search over Biological Databases},
  booktitle = {ICDE},
  year      = {2007},
  pages     = {556-565},
  ee        = {http://dx.doi.org/10.1109/ICDE.2007.367901},
  bibsource = {DBLP, http://dblp.uni-trier.de}
}

@inproceedings{conf/icde/HadjieleftheriouCKS08,
  author    = {Marios Hadjieleftheriou and
               Amit Chandel and
               Nick Koudas and
               Divesh Srivastava},
  title     = {Fast Indexes and Algorithms for Set Similarity Selection
               Queries},
  booktitle = {ICDE},
  year      = {2008},
  pages     = {267-276},
  ee        = {http://dx.doi.org/10.1109/ICDE.2008.4497435},
  bibsource = {DBLP, http://dblp.uni-trier.de}
}

@inproceedings{conf/icde/HsiaoD90,
  author    = {Hui-I Hsiao and
               David J. DeWitt},
  title     = {Chained Declustering: A New Availability Strategy for Multiprocessor
               Database Machines},
  booktitle = {ICDE},
  year      = {1990},
  pages     = {456-465},
  ee        = {db/conf/icde/HsiaoD90.html},
  bibsource = {DBLP, http://dblp.uni-trier.de}
}

@inproceedings{conf/icde/KimWPS10,
  author    = {Younghoon Kim and Kyoung-Gu Woo and Hyoungmin Park and Kyuseok Shim},
  title     = {Efficient Processing of Substring Match Queries with Inverted q-gram Indexes},
  booktitle = {ICDE},
  year      = {2010},
}

@inproceedings{conf/icde/LiHLY09,
  author    = {Yinan Li and
               Bingsheng He and
               Qiong Luo and
               Ke Yi},
  title     = {Tree Indexing on Flash Disks},
  booktitle = {ICDE},
  year      = {2009},
  pages     = {1303-1306},
}


@inproceedings{conf/icde/LiJLF10,
  author    = {Guoliang Li and
               Shengyue Ji and
               Chen Li and 
               Jiannan Wang and
               Jianhua Feng},
  title     = {Efficient Fuzzy Type-Ahead Search in TASTIER},
  booktitle = {ICDE},
  year      = {2010},
  pages     = {}
}

@inproceedings{conf/icde/LiLH06,
  author    = {Changqing Li and
               Tok Wang Ling and
               Min Hu},
  title     = {Efficient Processing of Updates in Dynamic XML Data},
  booktitle = {ICDE},
  year      = {2006},
  pages     = {13},
  ee        = {http://doi.ieeecomputersociety.org/10.1109/ICDE.2006.58},
  bibsource = {DBLP, http://dblp.uni-trier.de}
}

@inproceedings{conf/icde/LiLL08,
  author    = {Chen Li and
               Jiaheng Lu and
               Yiming Lu},
  title     = {Efficient Merging and Filtering Algorithms for Approximate
               String Searches},
  booktitle = {ICDE},
  year      = {2008},
  pages     = {257-266},
  ee        = {http://dx.doi.org/10.1109/ICDE.2008.4497434},
  bibsource = {DBLP, http://dblp.uni-trier.de}
}

@inproceedings{conf/icde/SahinalpTMO03,
  author    = {S{\"u}leyman Cenk Sahinalp and
               Murat Tasan and
               Jai Macker and
               Z. Meral {\"O}zsoyoglu},
  title     = {Distance Based Indexing for String Proximity Search},
  booktitle = {ICDE},
  year      = {2003},
  pages     = {125-},
  ee        = {http://csdl.computer.org/comp/proceedings/icde/2003/2071/00/20710125abs.htm},
  bibsource = {DBLP, http://dblp.uni-trier.de}
}

@inproceedings{conf/icde/SayyadianLDG07,
  author    = {Mayssam Sayyadian and
               Hieu LeKhac and
               AnHai Doan and
               Luis Gravano},
  title     = {Efficient Keyword Search Across Heterogeneous Relational
               Databases},
  booktitle = {ICDE},
  year      = {2007},
  pages     = {346-355},
  ee        = {http://dx.doi.org/10.1109/ICDE.2007.367880},
  bibsource = {DBLP, http://dblp.uni-trier.de}
}

@inproceedings{conf/icde/Shmueli-ScheuerLMRSW09,
  author    = {Michal Shmueli-Scheuer and Chen Li and Yosi Mass and Haggai Roitman and Ralf Schenkel and Gerhard Weikum},
  title     = {Best Effort Top-K Query Processing Under Budgetary Constraints},
  booktitle = {ICDE},
  year      = {2009}
}

@inproceedings{conf/icde/XiaoWLS09,
  author    = {Chuan Xiao and
               Wei Wang 0011 and
               Xuemin Lin and
               Haichuan Shang},
  title     = {Top-k Set Similarity Joins},
  booktitle = {ICDE},
  year      = {2009},
  pages     = {916-927},
  ee        = {http://dx.doi.org/10.1109/ICDE.2009.111},
  bibsource = {DBLP, http://dblp.uni-trier.de}
}

@inproceedings{conf/icde/YangLYX05,
  author    = {Xiaochun Yang and
               Chen Li and
               Ge Yu and
               Lei Shi},
  title     = {XGuard: A System for Publishing XML Documents without Information
               Leakage in the Presence of Data Inference},
  booktitle = {ICDE},
  year      = {2005},
  pages     = {1124-1125},
  ee        = {http://csdl.computer.org/comp/proceedings/icde/2005/2285/00/22851124.pdf},
  bibsource = {DBLP, http://dblp.uni-trier.de}
}

@inproceedings{conf/icde/YaoLHH10,
  author    = {Bin Yao and Feifei Li and Marios Hadjieleftheriou and Kun Hou},
  title     = {Approximate String Search in Spatial Databases},
  booktitle = {ICDE},
  year      = {2010},

}

@inproceedings{conf/icde/ZhangCMTK09,
  author    = {Dongxiang Zhang and
               Yeow Meng Chee and
               Anirban Mondal and
               Anthony K. H. Tung and
               Masaru Kitsuregawa},
  title     = {Keyword Search in Spatial Databases: Towards Searching by
               Document},
  booktitle = {ICDE},
  year      = {2009}
}

@inproceedings{conf/icde/ZhangOT10,
  author    = {Dongxiang Zhang and
               Beng Chin Ooi and
               Anthony K. H. Tung},
  title     = {Locating mapped resources in Web 2.0},
  booktitle = {ICDE},
  year      = {2010}
}

@article{conf/icde/ZukowskiHNB06,
  title={Super-Scalar {RAM-CPU} Cache Compression},
  author={Marcin Zukowski and Sandor Heman and Niels Nes and Peter Boncz},
  booktitle = {ICDE},
  year={2006}
}

@inproceedings{conf/ideas/SuW05,
  author    = {Qi Su and
               Jennifer Widom},
  title     = {Indexing Relational Database Content Offline for Efficient
               Keyword-Based Search},
  booktitle = {IDEAS},
  year      = {2005},
  pages     = {297-306},
  ee        = {http://doi.ieeecomputersociety.org/10.1109/IDEAS.2005.36},
  bibsource = {DBLP, http://dblp.uni-trier.de}
}

@inproceedings{conf/iqis/HassanzadehSM07,
  author    = {Oktie Hassanzadeh and
               Mohammad Sadoghi and
               Ren{\'e}e J. Miller},
  title     = {Accuracy of Approximate String Joins Using Grams},
  booktitle = {QDB},
  year      = {2007},
  pages     = {11-18},
}

@inproceedings{conf/jcdl/OnLKM05,
  author    = {Byung-Won On and
               Dongwon Lee and
               Jaewoo Kang and
               Prasenjit Mitra},
  title     = {Comparative study of name disambiguation problem using a
               scalable blocking-based framework},
  booktitle = {JCDL},
  year      = {2005},
  pages     = {344-353}
}

@inproceedings{conf/kdd/GantiKV08,
  author    = {Venkatesh Ganti and
               Arnd Christian K{\"o}nig and
               Rares Vernica},
  title     = {Entity categorization over large document collections},
  booktitle = {KDD},
  year      = {2008},
  pages     = {274-282},
  ee        = {http://doi.acm.org/10.1145/1401890.1401927},
  bibsource = {DBLP, http://dblp.uni-trier.de}
}

@inproceedings{conf/kdd/MongeE96,
  author    = {Alvaro E. Monge and
               Charles Elkan},
  title     = {The Field Matching Problem: Algorithms and Applications},
  booktitle = {KDD},
  year      = {1996},
  pages     = {267-270}
}

@inproceedings{conf/kdd/SarawagiB02,
  author    = {Sunita Sarawagi and
               Anuradha Bhamidipaty},
  title     = {Interactive deduplication using active learning},
  booktitle = {KDD},
  year      = {2002},
  pages     = {269-278}
}

@inproceedings{conf/kdd/SpertusSB05,
  author    = {Ellen Spertus and
               Mehran Sahami and
               Orkut Buyukkokten},
  title     = {Evaluating similarity measures: a large-scale study in
                  the {Orkut} social network},
  booktitle = {KDD},
  year      = {2005},
  pages     = {678-684},
  ee        = {http://doi.acm.org/10.1145/1081870.1081956},
  bibsource = {DBLP, http://dblp.uni-trier.de}
}

@inproceedings{conf/osdi/DeanG04,
  author    = {Jeffrey Dean and
               Sanjay Ghemawat},
  title     = {MapReduce: Simplified Data Processing on Large Clusters},
  booktitle = {OSDI},
  year      = {2004},
  pages     = {137-150},
  ee        = {http://www.usenix.org/events/osdi04/tech/dean.html},
  bibsource = {DBLP, http://dblp.uni-trier.de}
}

@inproceedings{conf/osdi/YuIFBEGC08,
  author    = {Yuan Yu and
               Michael Isard and
               Dennis Fetterly and
               Mihai Budiu and
               {\'U}lfar Erlingsson and
               Pradeep Kumar Gunda and
               Jon Currey},
  title     = {{DryadLINQ:} A System for General-Purpose Distributed Data-Parallel
               Computing Using a High-Level Language},
  booktitle = {OSDI},
  year      = {2008},
  pages     = {1-14},
  ee        = {http://www.usenix.org/events/osdi08/tech/full_papers/yu_y/yu_y.pdf},
  bibsource = {DBLP, http://dblp.uni-trier.de}
}

@inproceedings{conf/pdis/HongS91,
  author    = {Wei Hong and
               Michael Stonebraker},
  title     = {Optimization of Parallel Query Execution Plans in {XPRS}},
  booktitle = {PDIS},
  year      = {1991},
  pages     = {218-225},
  ee        = {db/conf/pdis/HongS91.html},
  bibsource = {DBLP, http://dblp.uni-trier.de}
}

@inproceedings{conf/pods/ChirkovaL03,
  author    = {Rada Chirkova and
               Chen Li},
  title     = {Materializing views with minimal size to answer queries},
  booktitle = {PODS},
  year      = {2003},
  pages     = {38-48},
  ee        = {http://doi.acm.org/10.1145/773153.773158},
  bibsource = {DBLP, http://dblp.uni-trier.de}
}

@inproceedings{conf/pods/Fagin96,
  author    = {Ronald Fagin},
  title     = {Combining Fuzzy Information from Multiple Systems},
  booktitle = {PODS},
  year      = {1996},
  pages     = {216-226},
  ee        = {http://doi.acm.org/10.1145/237661.237715, db/conf/pods/Fagin96.html},
  bibsource = {DBLP, http://dblp.uni-trier.de}
}

@inproceedings{conf/pods/Fagin98,
  author    = {Ronald Fagin},
  title     = {Fuzzy Queries in Multimedia Database Systems},
  booktitle = {PODS},
  year      = {1998},
  pages     = {1-10},
  ee        = {http://doi.acm.org/10.1145/275487.275488, db/conf/pods/Fagin98.html},
  bibsource = {DBLP, http://dblp.uni-trier.de}
}

@inproceedings{conf/pods/FaginLN01,
  author    = {Ronald Fagin and
               Amnon Lotem and
               Moni Naor},
  title     = {Optimal Aggregation Algorithms for Middleware},
  booktitle = {PODS},
  year      = 2001,
  pages     = {102-113},
  ee        = {http://doi.acm.org/10.1145/375551.375567, http://www.acm.org/sigs/sigmod/pods/proc01/online/p28.pdf},
  bibsource = {DBLP, http://dblp.uni-trier.de}
}

@inproceedings{conf/pods/JagadishNS99,
  author    = {H. V. Jagadish and
               Raymond T. Ng and
               Divesh Srivastava},
  title     = {Substring Selectivity Estimation},
  booktitle = {PODS},
  year      = {1999},
  pages     = {249-260},
  ee        = {http://doi.acm.org/10.1145/303976.304001, db/conf/pods/JagadishNS99.html},
  bibsource = {DBLP, http://dblp.uni-trier.de}
}

@inproceedings{conf/sigir/BastCSW07,
  author    = {Holger Bast and
               Alexandru Chitea and
               Fabian M. Suchanek and
               Ingmar Weber},
  title     = {ESTER: efficient search on text, entities, and relations},
  booktitle = {SIGIR},
  year      = {2007},
  pages     = {671-678},
  ee        = {http://doi.acm.org/10.1145/1277741.1277856},
  bibsource = {DBLP, http://dblp.uni-trier.de}
}

@inproceedings{conf/sigir/BastW06,
  author    = {Holger Bast and
               Ingmar Weber},
  title     = {Type less, find more: fast autocompletion search with a
               succinct index},
  booktitle = {SIGIR},
  year      = {2006},
  pages     = {364-371},
  ee        = {http://doi.acm.org/10.1145/1148170.1148234},
  bibsource = {DBLP, http://dblp.uni-trier.de}
}

@inproceedings{conf/sigir/GrabskiS04,
  author    = {Korinna Grabski and
               Tobias Scheffer},
  title     = {Sentence completion},
  booktitle = {SIGIR},
  year      = {2004},
  pages     = {433-439},
  ee        = {http://doi.acm.org/10.1145/1008992.1009066},
  bibsource = {DBLP, http://dblp.uni-trier.de}
}

@inproceedings{conf/sigir/Henzinger06,
  author    = {Monika Rauch Henzinger},
  title     = {Finding near-duplicate web pages: a large-scale evaluation
               of algorithms},
  booktitle = {SIGIR},
  year      = {2006},
  pages     = {284-291},
  ee        = {http://doi.acm.org/10.1145/1148170.1148222},
  bibsource = {DBLP, http://dblp.uni-trier.de}
}

@inproceedings{conf/sigir/WangLFL09,
 author = {Jiannan Wang and Guoliang Li and Jianhua  Feng and Chen  Li},
 title = {Automatic {URL} completion and prediction using fuzzy type-ahead search},
 booktitle = {SIGIR},
 year = {2009},
 isbn = {978-1-60558-483-6},
 pages = {634--635},
 publisher = {ACM},
 address = {New York, NY, USA},
 }

@inproceedings{conf/sigmetrics/ChenKZ09,
  author    = {Feng Chen and
               David A. Koufaty and
               Xiaodong Zhang},
  title     = {Understanding intrinsic characteristics and system implications
               of flash memory based solid state drives},
  booktitle = {SIGMETRICS/Performance},
  year      = {2009},
  pages     = {181-192},
}

@inproceedings{conf/sigmod/Amer-YahiaLP04,
  author    = {Sihem Amer-Yahia and
               Laks V. S. Lakshmanan and
               Shashank Pandit},
  title     = {FleXPath: Flexible Structure and Full-Text Querying for
               XML},
  booktitle = {SIGMOD Conference},
  year      = {2004},
  pages     = {83-94},
  ee        = {http://doi.acm.org/10.1145/1007568.1007581},
  bibsource = {DBLP, http://dblp.uni-trier.de}
}

@inproceedings{conf/sigmod/ArasuCGK08,
  author    = {Arvind Arasu and
               Surajit Chaudhuri and
               Kris Ganjam and
               Raghav Kaushik},
  title     = {Incorporating string transformations in record matching},
  booktitle = {SIGMOD Conference},
  year      = {2008},
  pages     = {1231-1234},
  ee        = {http://doi.acm.org/10.1145/1376616.1376742},
  bibsource = {DBLP, http://dblp.uni-trier.de}
}

@inproceedings{conf/sigmod/BeckmannBSS90,
  author    = {Norbert Beckmann and
               Hans Peter Begel and
               Ralf Schneider and
               Bernhard Seeger},
  title     = {The {R}*-tree: an efficient and robust access method for points and rectangles},
  booktitle = {SIGMOD},
  year      = {1990}
}

@inproceedings{conf/sigmod/ChakrabartiCGX08,
  author    = {Kaushik Chakrabarti and
               Surajit Chaudhuri and
               Venkatesh Ganti and
               Dong Xin},
  title     = {An efficient filter for approximate membership checking},
  booktitle = {SIGMOD Conference},
  year      = {2008},
  pages     = {805-818},
  ee        = {http://doi.acm.org/10.1145/1376616.1376697},
  bibsource = {DBLP, http://dblp.uni-trier.de}
}

@inproceedings{conf/sigmod/ChaudhuriGGKNV2005,
 author = {Surajit Chaudhuri and Kris Ganjam and Venky Ganti and Rahul Kapoor and Vivek Narasayya and Theo Vassilakis},
 title = {Data cleaning in {Microsoft SQL Server} 2005},
 booktitle = {SIGMOD},
 year = {2005},
 isbn = {1-59593-060-4},
 doi = {http://doi.acm.org/10.1145/1066157.1066287},
}

@inproceedings{conf/sigmod/ChaudhuriGGM03,
  author    = {Surajit Chaudhuri and
               Kris Ganjam and
               Venkatesh Ganti and
               Rajeev Motwani},
  title     = {Robust and Efficient Fuzzy Match for Online Data Cleaning},
  booktitle = {SIGMOD Conference},
  year      = {2003},
  pages     = {313-324},
  ee        = {http://doi.acm.org/10.1145/872757.872796, http://www.acm.org/sigmod/sigmod03/eproceedings/papers/r12p02.pdf},
  bibsource = {DBLP, http://dblp.uni-trier.de}
}

@inproceedings{conf/sigmod/ChaudhuriK09,
  author    = {Surajit Chaudhuri and
               Raghav Kaushik},
  title     = {Extending autocompletion to tolerate errors},
  booktitle = {SIGMOD Conference},
  year      = {2009},
  pages     = {707-718},
  ee        = {http://doi.acm.org/10.1145/1559845.1559919},
  bibsource = {DBLP, http://dblp.uni-trier.de}
}

@inproceedings{conf/sigmod/ChaudhuriSGK07,
  author    = {Surajit Chaudhuri and
               Anish Das Sarma and
               Venkatesh Ganti and
               Raghav Kaushik},
  title     = {Leveraging aggregate constraints for deduplication},
  booktitle = {SIGMOD Conference},
  year      = {2007},
  pages     = {437-448},
  ee        = {http://doi.acm.org/10.1145/1247480.1247530},
  bibsource = {DBLP, http://dblp.uni-trier.de}
}

@inproceedings{conf/sigmod/ChenSM06,
  author    = {Yen-Yu Chen and
               Torsten Suel and
               Alexander Markowetz},
  title     = {Efficient query processing in geographic web search engines},
  booktitle = {SIGMOD},
  year      = {2006}
}

@inproceedings{conf/sigmod/EpsteinSW78,
  author    = {Robert S. Epstein and
               Michael Stonebraker and
               Eugene Wong},
  title     = {Distributed Query Processing in a Relational Data Base System},
  booktitle = {SIGMOD Conference},
  year      = {1978},
  pages     = {169-180},
  ee        = {http://doi.acm.org/10.1145/509252.509292, db/conf/sigmod/EpsteinSW78.html},
  bibsource = {DBLP, http://dblp.uni-trier.de}
}

@inproceedings{conf/sigmod/GolenbergKS08,
  author    = {Konstantin Golenberg and
               Benny Kimelfeld and
               Yehoshua Sagiv},
  title     = {Keyword proximity search in complex data graphs},
  booktitle = {SIGMOD Conference},
  year      = {2008},
  pages     = {927-940},
  ee        = {http://doi.acm.org/10.1145/1376616.1376708},
  bibsource = {DBLP, http://dblp.uni-trier.de}
}

@inproceedings{conf/sigmod/GuoSBS03,
  author    = {Lin Guo and
               Feng Shao and
               Chavdar Botev and
               Jayavel Shanmugasundaram},
  title     = {XRANK: Ranked Keyword Search over XML Documents},
  booktitle = {SIGMOD Conference},
  year      = {2003},
  pages     = {16-27},
  ee        = {http://doi.acm.org/10.1145/872757.872762, http://www.acm.org/sigmod/sigmod03/eproceedings/papers/r01p02.pdf},
  bibsource = {DBLP, http://dblp.uni-trier.de}
}

@inproceedings{conf/sigmod/Guttman84,
  author    = {Antonin Guttman},
  title     = {{R}-Trees: A Dynamic Index Structure for Spatial Searching},
  booktitle = {SIGMOD},
  year      = {1984}
}

@inproceedings{conf/sigmod/HeWYY07,
  author    = {Hao He and
               Haixun Wang and
               Jun Yang and
               Philip S. Yu},
  title     = {BLINKS: ranked keyword searches on graphs},
  booktitle = {SIGMOD Conference},
  year      = {2007},
  pages     = {305-316},
  ee        = {http://doi.acm.org/10.1145/1247480.1247516},
  bibsource = {DBLP, http://dblp.uni-trier.de}
}

@inproceedings{conf/sigmod/KoudasSS06,
  author    = {Nick Koudas and
               Sunita Sarawagi and
               Divesh Srivastava},
  title     = {Record linkage: similarity measures and algorithms},
  booktitle = {SIGMOD Conference},
  year      = {2006},
  pages     = {802-803},
  ee        = {http://doi.acm.org/10.1145/1142473.1142599},
  bibsource = {DBLP, http://dblp.uni-trier.de}
}

@inproceedings{conf/sigmod/KrishnanVI96,
  author    = {P. Krishnan and
               Jeffrey Scott Vitter and
               Balakrishna R. Iyer},
  title     = {Estimating Alphanumeric Selectivity in the Presence of Wildcards},
  booktitle = {SIGMOD Conference},
  year      = {1996},
  pages     = {282-293},
  ee        = {http://doi.acm.org/10.1145/233269.233341, db/conf/sigmod/KrishnanVI96.html},
  bibsource = {DBLP, http://dblp.uni-trier.de}
}

@inproceedings{conf/sigmod/LeeM07,
  author    = {Sang-Won Lee and
               Bongki Moon},
  title     = {Design of flash-based DBMS: an in-page logging approach},
  booktitle = {SIGMOD Conference},
  year      = {2007},
  pages     = {55-66},
}

@inproceedings{conf/sigmod/LeeMPKK08,
  author    = {Sang-Won Lee and
               Bongki Moon and
               Chanik Park and
               Jae-Myung Kim and
               Sang-Woo Kim},
  title     = {A case for flash memory ssd in enterprise database applications},
  booktitle = {SIGMOD Conference},
  year      = {2008},
  pages     = {1075-1086},
}

@inproceedings{conf/sigmod/LiJLF09,
  author    = {Guoliang Li and
               Shengyue Ji and
               Chen Li and 
               Jianhua Feng},
  title     = {Efficient Type-Ahead Search on Relational Data: a {TASTIER} Approach},
  booktitle = {SIGMOD},
  year      = {2009},
  pages     = {}
}

@inproceedings{conf/sigmod/LiOFWZ08,
  author    = {Guoliang Li and
               Beng Chin Ooi and
               Jianhua Feng and
               Jianyong Wang and
               Lizhu Zhou},
  title     = {EASE: an effective 3-in-1 keyword search method for unstructured,
               semi-structured and structured data},
  booktitle = {SIGMOD Conference},
  year      = {2008},
  pages     = {903-914},
  ee        = {http://doi.acm.org/10.1145/1376616.1376706},
  bibsource = {DBLP, http://dblp.uni-trier.de}
}

@inproceedings{conf/sigmod/LiuC07,
  author    = {Ziyang Liu and
               Yi Chen},
  title     = {Identifying meaningful return information for XML keyword
               search},
  booktitle = {SIGMOD Conference},
  year      = {2007},
  pages     = {329-340},
  ee        = {http://doi.acm.org/10.1145/1247480.1247518},
  bibsource = {DBLP, http://dblp.uni-trier.de}
}

@inproceedings{conf/sigmod/LiuYMC06,
  author    = {Fang Liu and
               Clement T. Yu and
               Weiyi Meng and
               Abdur Chowdhury},
  title     = {Effective keyword search in relational databases},
  booktitle = {SIGMOD Conference},
  year      = {2006},
  pages     = {563-574},
  ee        = {http://doi.acm.org/10.1145/1142473.1142536},
  bibsource = {DBLP, http://dblp.uni-trier.de}
}

@inproceedings{conf/sigmod/LuoLWZ07,
  author    = {Yi Luo and
               Xuemin Lin and
               Wei Wang and
               Xiaofang Zhou},
  title     = {Spark: top-k keyword query in relational databases},
  booktitle = {SIGMOD Conference},
  year      = {2007},
  pages     = {115-126},
  ee        = {http://doi.acm.org/10.1145/1247480.1247495},
  bibsource = {DBLP, http://dblp.uni-trier.de}
}

@inproceedings{conf/sigmod/MarkowetzYP07,
  author    = {Alexander Markowetz and
               Yin Yang and
               Dimitris Papadias},
  title     = {Keyword search on relational data streams},
  booktitle = {SIGMOD Conference},
  year      = {2007},
  pages     = {605-616},
  ee        = {http://doi.acm.org/10.1145/1247480.1247548},
  bibsource = {DBLP, http://dblp.uni-trier.de}
}

@inproceedings{conf/sigmod/ONeilOPCSW04,
  author    = {Patrick E. O'Neil and
               Elizabeth J. O'Neil and
               Shankar Pal and
               Istvan Cseri and
               Gideon Schaller and
               Nigel Westbury},
  title     = {ORDPATHs: Insert-Friendly XML Node Labels},
  booktitle = {SIGMOD Conference},
  year      = {2004},
  pages     = {903-908},
  ee        = {http://doi.acm.org/10.1145/1007568.1007686, http://www.sigmod.org/sigmod/sigmod04/eproceedings/pdf/I-007a.pdf},
  bibsource = {DBLP, http://dblp.uni-trier.de}
}

@inproceedings{conf/sigmod/OlstonRSKT08,
  author    = {Christopher Olston and
               Benjamin Reed and
               Utkarsh Srivastava and
               Ravi Kumar and
               Andrew Tomkins},
  title     = {{Pig Latin:} a not-so-foreign language for data processing},
  booktitle = {SIGMOD Conference},
  year      = {2008},
  pages     = {1099-1110},
  ee        = {http://doi.acm.org/10.1145/1376616.1376726},
  bibsource = {DBLP, http://dblp.uni-trier.de}
}

@inproceedings{conf/sigmod/PavloPRADMS09,
  author    = {Andrew Pavlo and
               Erik Paulson and
               Alexander Rasin and
               Daniel J. Abadi and
               David J. DeWitt and
               Samuel Madden and
               Michael Stonebraker},
  title     = {A comparison of approaches to large-scale data analysis},
  booktitle = {SIGMOD Conference},
  year      = {2009},
  pages     = {165-178},
  ee        = {http://doi.acm.org/10.1145/1559845.1559865},
  bibsource = {DBLP, http://dblp.uni-trier.de}
}

@inproceedings{conf/sigmod/QuassWGHLMNRRAUW96,
  author    = {Dallan Quass and
               Jennifer Widom and
               Roy Goldman and
               Kevin Haas and
               Qingshan Luo and
               Jason McHugh and
               Svetlozar Nestorov and
               Anand Rajaraman and
               Hugo Rivero and
               Serge Abiteboul and
               Jeffrey D. Ullman and
               Janet L. Wiener},
  title     = {LORE: A Lightweight Object REpository for Semistructured
               Data},
  booktitle = {SIGMOD Conference},
  year      = {1996},
  pages     = {549},
}

@inproceedings{conf/sigmod/RoussopoulosKV95,
  author    = {Nick Roussopoulos and
               Stephen Kelley and
               Fr{\'e}d{\'e}ic Vincent},
  title     = {Nearest Neighbor Queries},
  booktitle = {SIGMOD Conference},
  year      = {1995},
  pages     = {71-79},
}

@inproceedings{conf/sigmod/Sarawagi04,
  author    = {Sunita Sarawagi and
               Alok Kirpal},
  title     = {Efficient set joins on similarity predicates},
  booktitle = {SIGMOD Conference},
  year      = {2004},
  pages     = {743-754},
  bibsource = {DBLP, http://dblp.uni-trier.de}
}

@inproceedings{conf/sigmod/SchneiderD89,
  author    = {Donovan A. Schneider and
               David J. DeWitt},
  title     = {A Performance Evaluation of Four Parallel Join Algorithms
               in a Shared-Nothing Multiprocessor Environment},
  booktitle = {SIGMOD Conference},
  year      = {1989},
  pages     = {110-121},
  ee        = {http://doi.acm.org/10.1145/67544.66937, db/conf/sigmod/SchneiderD89.html},
  bibsource = {DBLP, http://dblp.uni-trier.de}
}

@inproceedings{conf/sigmod/ShahHB04,
  author    = {Mehul A. Shah and
               Joseph M. Hellerstein and
               Eric A. Brewer},
  title     = {Highly-Available, Fault-Tolerant, Parallel Dataflows},
  booktitle = {SIGMOD Conference},
  year      = {2004},
  pages     = {827-838},
  ee        = {http://doi.acm.org/10.1145/1007568.1007662, http://www.sigmod.org/sigmod/sigmod04/eproceedings/pdf/R-508.pdf},
  bibsource = {DBLP, http://dblp.uni-trier.de}
}

@inproceedings{conf/sigmod/ShatdalN95,
  author    = {Ambuj Shatdal and
               Jeffrey F. Naughton},
  title     = {Adaptive Parallel Aggregation Algorithms},
  booktitle = {SIGMOD Conference},
  year      = {1995},
  pages     = {104-114},
  ee        = {http://doi.acm.org/10.1145/223784.223801, db/conf/sigmod/sigmod95-7.html},
  bibsource = {DBLP, http://dblp.uni-trier.de}
}

@inproceedings{conf/sigmod/ShekitaC90,
  author    = {Eugene J. Shekita and
               Michael J. Carey},
  title     = {A Performance Evaluation of Pointer-Based Joins},
  booktitle = {SIGMOD Conference},
  year      = {1990},
  pages     = {300-311},
  ee        = {http://doi.acm.org/10.1145/93597.98739, db/conf/sigmod/ShekitaC90.html},
  bibsource = {DBLP, http://dblp.uni-trier.de}
}

@inproceedings{conf/sigmod/SnodgrassA85,
  author    = {Richard T. Snodgrass and
               Ilsoo Ahn},
  title     = {A Taxonomy of Time in Databases},
  booktitle = {SIGMOD Conference},
  year      = {1985},
  pages     = {236-246},
  ee        = {http://doi.acm.org/10.1145/318898.318921, db/conf/sigmod/SnodgrassA85.html},
  bibsource = {DBLP, http://dblp.uni-trier.de}
}

@inproceedings{conf/sigmod/TomasicGMS,
  author = {Anthony Tomasic and H\'{e}ctor Garc\'{\i}a-Molina and Kurt Shoens},
  title = {Incremental updates of inverted lists for text document retrieval},
  booktitle = {SIGMOD},
  year = {1994},
  isbn = {0-89791-639-5},
  publisher = {ACM}
}

@inproceedings{conf/sigmod/TsirogiannisHSWG09,
  author    = {Dimitris Tsirogiannis and
               Stavros Harizopoulos and
               Mehul A. Shah and
               Janet L. Wiener and
               Goetz Graefe},
  title     = {Query processing techniques for solid state drives},
  booktitle = {SIGMOD Conference},
  year      = {2009},
  pages     = {59-72},
}

@inproceedings{conf/sigmod/VernicaCL10,
   author      = {Rares Vernica and Michael Carey and Chen Li},
   title       = {Efficient Parallel Set-Similarity Joins Using
                  {MapReduce}},
   booktitle   = {SIGMOD Conference},
   year        = {2010},
}

@inproceedings{conf/sigmod/VernicaL09,
  author    = {Rares Vernica and
               Chen Li},
  title     = {Efficient top-k algorithms for fuzzy search in string collections},
  booktitle = {KEYS},
  year      = {2009},
  pages     = {9-14},
  ee        = {http://doi.acm.org/10.1145/1557670.1557677},
  bibsource = {DBLP, http://dblp.uni-trier.de}
}

@inproceedings{conf/sigmod/WangXLZ09,
 author = {Wei Wang and Chuan Xiao and Xuemin Lin and Chengqi Zhang},
 title = {Efficient approximate entity extraction with edit distance constraints},
 booktitle = {SIGMOD},
 year = {2009},
 isbn = {978-1-60558-551-2},
 location = {Providence, Rhode Island, USA},
 doi = {http://doi.acm.org/10.1145/1559845.1559925},
 publisher = {ACM},
 }

@inproceedings{conf/sigmod/WongY76,
  author    = {Eugene Wong and
               Karel Youssefi},
  editor    = {James B. Rothnie Jr.},
  title     = {Decomposition - A Strategy for Query Processing (Abstract)},
  booktitle = {Proceedings of the 1976 ACM SIGMOD International Conference on
               Management of Data, Washington, D.C., June 2-4, 1976},
  publisher = {ACM},
  year      = {1976},
  pages     = {155},
  ee        = {db/conf/sigmod/WongY76.html},
  bibsource = {DBLP, http://dblp.uni-trier.de}
}

@inproceedings{conf/sigmod/XuP05,
  author    = {Yu Xu and
               Yannis Papakonstantinou},
  title     = {Efficient Keyword Search for Smallest LCAs in XML Databases},
  booktitle = {SIGMOD Conference},
  year      = {2005},
  pages     = {537-538},
  ee        = {http://doi.acm.org/10.1145/1066157.1066217},
  bibsource = {DBLP, http://dblp.uni-trier.de}
}

@inproceedings{conf/sigmod/YangDHP07,
  author    = {{Hung-chih} Yang and
               Ali Dasdan and
               Ruey-Lung Hsiao and
               Douglas Stott {Parker Jr.}},
  title     = {{Map-Reduce-Merge:} simplified relational data processing
               on large clusters},
  booktitle = {SIGMOD Conference},
  year      = {2007},
  pages     = {1029-1040},
  ee        = {http://doi.acm.org/10.1145/1247480.1247602},
  bibsource = {DBLP, http://dblp.uni-trier.de}
}

@inproceedings{conf/sigmod/YangWL08,
  author    = {Xiaochun Yang and
               Bin Wang and
               Chen Li},
  title     = {Cost-Based Variable-Length-Gram Selection for String Collections to Support Approximate Queries Efficiently},
  booktitle = {SIGMOD Conference},
  year      = {2008},
}

@inproceedings{conf/sigspatial/AlsubaieeBL10,
  author    = {Sattam Alsubaiee and
                Alexander Behm and
               Chen Li},
  title     = {Supporting Location-Based Approximate-Keyword Queries},
  booktitle = {ACM SIGSPATIAL GIS},
  year      = {2010},
}

@inproceedings{conf/sosp/DeCandiaHJKLPSVV07,
  author    = {Giuseppe DeCandia and
               Deniz Hastorun and
               Madan Jampani and
               Gunavardhan Kakulapati and
               Avinash Lakshman and
               Alex Pilchin and
               Swaminathan Sivasubramanian and
               Peter Vosshall and
               Werner Vogels},
  title     = {Dynamo: {Amazon}'s highly available key-value store},
  booktitle = {SOSP},
  year      = {2007},
  pages     = {205-220},
  ee        = {http://doi.acm.org/10.1145/1294261.1294281},
  bibsource = {DBLP, http://dblp.uni-trier.de}
}

@inproceedings{conf/sosp/GhemawatGL03,
  author    = {Sanjay Ghemawat and
               Howard Gobioff and
               Shun-Tak Leung},
  title     = {The {Google} file system},
  booktitle = {SOSP},
  year      = {2003},
  pages     = {29-43},
  ee        = {http://doi.acm.org/10.1145/945445.945450},
  bibsource = {DBLP, http://dblp.uni-trier.de}
}

@inproceedings{conf/spire/BastMW06,
  author    = {Holger Bast and
               Christian Worm Mortensen and
               Ingmar Weber},
  title     = {Output-Sensitive Autocompletion Search},
  booktitle = {SPIRE},
  year      = {2006},
  pages     = {150-162},
  ee        = {http://dx.doi.org/10.1007/11880561_13},
  bibsource = {DBLP, http://dblp.uni-trier.de}
}

@inproceedings{conf/ssd/HjaltasonS95,
  author    = {G\'{\i}sli R. Hjaltason and
               Hanan Samet},
  title     = {Ranking in Spatial Databases},
  booktitle = {SSD},
  year      = {1995},
  pages     = {83-95},
}

@inproceedings{conf/ssd/VaidJJS05,
  author    = {Subodh Vaid and
               Christopher B. Jones and
               Hideo Joho and
               Mark Sanderson},
  title     = {Spatio-textual Indexing for Geographical Search on the Web},
  booktitle = {SSTD},
  year      = {2005}
}

@inproceedings{conf/ssdbm/HariharanHLM07,
  author    = {Ramaswamy Hariharan and
               Bijit Hore and
               Chen Li and
               Sharad Mehrotra},
  title     = {Processing Spatial-Keyword {(SK)} Queries in Geographic Information Retrieval {(GIR)} Systems},
  booktitle = {SSDBM},
  year      = {2007}
}

@inproceedings{conf/stoc/IndykM98,
  author    = {Piotr Indyk and Rajeev Motwani},
  title     = {Approximate Nearest Neighbors: Towards Removing the Curse of Dimensionality},
  booktitle = { STOC Conference},
  year      = {1998},
}

@inproceedings{conf/usenix/AgrawalPWDMP08,
  author    = {Nitin Agrawal and
               Vijayan Prabhakaran and
               Ted Wobber and
               John D. Davis and
               Mark S. Manasse and
               Rina Panigrahy},
  title     = {Design Tradeoffs for SSD Performance},
  booktitle = {USENIX Annual Technical Conference},
  year      = {2008},
  pages     = {57-70},
}

@inproceedings{conf/vldb/AgrawalS94,
  author    = {Rakesh Agrawal and
               Ramakrishnan Srikant},
  title     = {Fast Algorithms for Mining Association Rules in Large Databases},
  booktitle = {VLDB},
  year      = {1994},
  pages     = {487-499},
  ee        = {db/conf/vldb/vldb94-487.html},
  bibsource = {DBLP, http://dblp.uni-trier.de}
}

@inproceedings{conf/vldb/AnanthakrishnaCG02,
 author = {Rohit Ananthakrishna and Surajit Chaudhuri and Venkatesh Ganti},
 title = {Eliminating Fuzzy Duplicates in Data Warehouses},
 booktitle = {VDLB},
 year = {2002},
 pages = {586-597}
}

@inproceedings{conf/vldb/ArasuGK06,
  author    = {Arvind Arasu and
               Venkatesh Ganti and
               Raghav Kaushik},
  title     = {Efficient Exact Set-Similarity Joins},
  booktitle = {VLDB},
  year      = {2006},
  pages     = {918-929},
  ee        = {http://www.vldb.org/conf/2006/p918-arasu.pdf},
  bibsource = {DBLP, http://dblp.uni-trier.de}
}

@inproceedings{conf/vldb/BalminHP04,
  author    = {Andrey Balmin and
               Vagelis Hristidis and
               Yannis Papakonstantinou},
  title     = {ObjectRank: Authority-Based Keyword Search in Databases},
  booktitle = {VLDB},
  year      = {2004},
  pages     = {564-575},
  ee        = {http://www.vldb.org/conf/2004/RS15P2.PDF},
  bibsource = {DBLP, http://dblp.uni-trier.de}
}

@inproceedings{conf/vldb/ChaudhuriCGK07,
  author    = {Surajit Chaudhuri and
               Bee-Chung Chen and
               Venkatesh Ganti and
               Raghav Kaushik},
  title     = {Example-driven design of efficient record matching queries},
  booktitle = {VLDB},
  year      = {2007},
  pages     = {327-338},
  ee        = {http://www.vldb.org/conf/2007/papers/research/p327-chaudhuri.pdf},
  bibsource = {DBLP, http://dblp.uni-trier.de}
}

@inproceedings{conf/vldb/CohenMKS03,
  author    = {Sara Cohen and
               Jonathan Mamou and
               Yaron Kanza and
               Yehoshua Sagiv},
  title     = {XSEarch: A Semantic Search Engine for XML},
  booktitle = {VLDB},
  year      = {2003},
  pages     = {45-56},
  ee        = {http://www.vldb.org/conf/2003/papers/S03P02.pdf},
  bibsource = {DBLP, http://dblp.uni-trier.de}
}

@inproceedings{conf/vldb/DalviKS08,
  author    = {Bhavana Bharat Dalvi and
               Meghana Kshirsagar and
	       S. Sudarshan},
  title     = {Keyword Search on External Memory Data Graphs},
  booktitle = {VLDB},
  year      = {2008},
  pages     = {1189-1204},
  ee        = {http://www.vldb2005.org/program/paper/wed/p505-kacholia.pdf},
  bibsource = {DBLP, http://dblp.uni-trier.de}
}

@inproceedings{conf/vldb/DeWittNS91,
  author    = {David J. DeWitt and
               Jeffrey F. Naughton and
               Donovan A. Schneider},
  title     = {An Evaluation of Non-Equijoin Algorithms},
  booktitle = {VLDB},
  year      = {1991},
  pages     = {443-452},
  ee        = {db/conf/vldb/DeWittNS91.html},
  bibsource = {DBLP, http://dblp.uni-trier.de}
}

@inproceedings{conf/vldb/GarofalakisI97,
  author    = {Minos N. Garofalakis and
               Yannis E. Ioannidis},
  title     = {Parallel Query Scheduling and Optimization with Time- and
               Space-Shared Resources},
  booktitle = {VLDB},
  year      = {1997},
  pages     = {296-305},
  ee        = {db/conf/vldb/GarofalakisI97.html},
  bibsource = {DBLP, http://dblp.uni-trier.de}
}

@inproceedings{conf/vldb/GionisIM99,
  author    = {Aristides Gionis and
               Piotr Indyk and
               Rajeev Motwani},
  title     = {Similarity Search in High Dimensions via Hashing},
  booktitle = {VLDB},
  year      = {1999},
  pages     = {518-529},
  ee        = {db/conf/vldb/GionisIM99.html},
  bibsource = {DBLP, http://dblp.uni-trier.de}
}

@inproceedings{conf/vldb/GoldmanW97,
  author    = {Roy Goldman and
               Jennifer Widom},
  title     = {DataGuides: Enabling Query Formulation and Optimization
               in Semistructured Databases},
  booktitle = {VLDB},
  year      = {1997},
  pages     = {436-445},
  ee        = {db/conf/vldb/GoldmanW97.html},
  bibsource = {DBLP, http://dblp.uni-trier.de}
}

@inproceedings{conf/vldb/GravanoIJKMS01,
  author    = {Luis Gravano and
               Panagiotis G. Ipeirotis and
               H. V. Jagadish and
               Nick Koudas and
               S. Muthukrishnan and
               Divesh Srivastava},
  title     = {Approximate String Joins in a Database (Almost) for Free},
  booktitle = {VLDB},
  year      = {2001},
  pages     = {491-500},
  ee        = {http://www.vldb.org/conf/2001/P491.pdf},
  bibsource = {DBLP, http://dblp.uni-trier.de}
}

@inproceedings{conf/vldb/HadjieleftheriouYKS08,
  author    = {Marios Hadjieleftheriou and
               Xiaohui Yu and
               Nick Koudas and
               Divesh Srivastava},
  title     = {Hashed Samples: Selectivity Estimators For Set Similarity
                 Selection Queries},
  booktitle = {VLDB},
  year      = {2008},
}

@inproceedings{conf/vldb/HristidisGP03,
  author    = {Vagelis Hristidis and
               Luis Gravano and
               Yannis Papakonstantinou},
  title     = {Efficient IR-Style Keyword Search over Relational Databases},
  booktitle = {VLDB},
  year      = {2003},
  pages     = {850-861},
  ee        = {http://www.vldb.org/conf/2003/papers/S25P03.pdf},
  bibsource = {DBLP, http://dblp.uni-trier.de}
}

@inproceedings{conf/vldb/HristidisP02,
  author    = {Vagelis Hristidis and
               Yannis Papakonstantinou},
  title     = {DISCOVER: Keyword Search in Relational Databases},
  booktitle = {VLDB},
  year      = {2002},
  pages     = {670-681},
  ee        = {http://www.vldb.org/conf/2002/S19P02.pdf},
  bibsource = {DBLP, http://dblp.uni-trier.de}
}

@inproceedings{conf/vldb/HuntAI01,
  author = {Ela Hunt and Malcolm P. Atkinson and Robert W. Irving},
  title = {A Database Index to Large Biological Sequences},
  booktitle = {In VLDB},
  year = {2001},
  pages = {139--148}
}

@inproceedings{conf/vldb/JinKLT05,
  author    = {Liang Jin and
               Nick Koudas and
               Chen Li and
               Anthony K. H. Tung},
  title     = {Indexing Mixed Types for Approximate Retrieval},
  booktitle = {VLDB},
  year      = {2005},
  pages     = {793-804},
  ee        = {http://www.vldb2005.org/program/paper/thu/p793-jin.pdf},
  bibsource = {DBLP, http://dblp.uni-trier.de}
}

@inproceedings{conf/vldb/JinL05,
  author    = {Liang Jin and
               Chen Li},
  title     = {Selectivity Estimation for Fuzzy String Predicates in Large
               Data Sets},
  booktitle = {VLDB},
  year      = {2005},
  pages     = {397-408},
  ee        = {http://www.vldb2005.org/program/paper/wed/p397-jin.pdf},
  bibsource = {DBLP, http://dblp.uni-trier.de}
}

@inproceedings{conf/vldb/KacholiaPCSDK05,
  author    = {Varun Kacholia and
               Shashank Pandit and
               Soumen Chakrabarti and
               S. Sudarshan and
               Rushi Desai and
               Hrishikesh Karambelkar},
  title     = {Bidirectional Expansion For Keyword Search on Graph Databases},
  booktitle = {VLDB},
  year      = {2005},
  pages     = {505-516},
  ee        = {http://www.vldb2005.org/program/paper/wed/p505-kacholia.pdf},
  bibsource = {DBLP, http://dblp.uni-trier.de}
}

@inproceedings{conf/vldb/KahveciS01,
  author    = {Tamer Kahveci and
               Ambuj K. Singh},
  title     = {Efficient Index Structures for String Databases},
  booktitle = {VLDB},
  year      = {2001},
  pages     = {351-360},
  ee        = {http://www.vldb.org/conf/2001/P351.pdf},
  bibsource = {DBLP, http://dblp.uni-trier.de}
}

@inproceedings{conf/vldb/KimWLL05,
  author    = {Min-Soo Kim and
               Kyu-Young Whang and
               Jae-Gil Lee and
               Min-Jae Lee},
  title     = {{n-Gram/2L}: A Space and Time Efficient Two-Level n-Gram Inverted
               Index Structure},
  booktitle = {VLDB},
  year      = {2005},
  pages     = {325-336},
  ee        = {http://www.vldb2005.org/program/paper/wed/p325-kim.pdf},
  bibsource = {DBLP, http://dblp.uni-trier.de}
}

@inproceedings{conf/vldb/KitsuregawaO90,
  author    = {Masaru Kitsuregawa and
               Yasushi Ogawa},
  title     = {Bucket Spreading Parallel Hash: A New, Robust, Parallel
               Hash Join Method for Data Skew in the Super Database Computer
               (SDC)},
  booktitle = {VLDB},
  year      = {1990},
  pages     = {210-221},
  ee        = {db/conf/vldb/KitsuregawaO90.html},
  bibsource = {DBLP, http://dblp.uni-trier.de}
}

@inproceedings{conf/vldb/KoudasLTV06,
  author    = {Nick Koudas and
               Chen Li and
               Anthony K. H. Tung and
               Rares Vernica},
  title     = {Relaxing Join and Selection Queries},
  booktitle = {VLDB},
  year      = {2006},
  pages     = {199-210},
  ee        = {http://www.vldb.org/conf/2006/p199-koudas.pdf},
  bibsource = {DBLP, http://dblp.uni-trier.de}
}

@inproceedings{conf/vldb/KoudasMS04,
  author    = {Nick Koudas and
               Amit Marathe and
               Divesh Srivastava},
  title     = {Flexible String Matching Against Large Databases in Practice},
  booktitle = {VLDB},
  year      = {2004},
  pages     = {1078-1086}
}

@inproceedings{conf/vldb/LeeNS07,
  author    = {Hongrae Lee and
               Raymond T. Ng and
               Kyuseok Shim},
  title     = {Extending {Q}-Grams to Estimate Selectivity of String Matching
               with Low Edit Distance},
  booktitle = {VLDB},
  year      = {2007},
  pages     = {195-206},
  ee        = {http://www.vldb.org/conf/2007/papers/research/p195-lee.pdf},
  bibsource = {DBLP, http://dblp.uni-trier.de}
}

@inproceedings{conf/vldb/LiWY07,
  author    = {Chen Li and
               Bin Wang and
               Xiaochun Yang},
  title     = {{VGRAM}: Improving Performance of Approximate Queries on String
               Collections Using Variable-Length Grams},
  booktitle = {VLDB},
  year      = {2007},
  pages     = {303-314},
  ee        = {http://www.vldb.org/conf/2007/papers/research/p303-li.pdf},
  bibsource = {DBLP, http://dblp.uni-trier.de}
}

@inproceedings{conf/vldb/LiYJ04,
  author    = {Yunyao Li and
               Cong Yu and
               H. V. Jagadish},
  title     = {Schema-Free XQuery},
  booktitle = {VLDB},
  year      = {2004},
  pages     = {72-83},
  ee        = {http://www.vldb.org/conf/2004/RS2P3.PDF},
  bibsource = {DBLP, http://dblp.uni-trier.de}
}

@inproceesings{conf/vldb/MeekPK03,
  author = {Colin Meek and Jignesh M. Patel and Shruti Kasetty},
  title = {OASIS: An Online and Accurate Technique for Local-alignment Searches on Biological Sequences},
  booktitle = {In VLDB},
  year = {2003},
  pages = {910--921}
}

@inproceedings{conf/vldb/NandiJ07,
  author    = {Arnab Nandi and
               H. V. Jagadish},
  title     = {Effective Phrase Prediction},
  booktitle = {VLDB},
  year      = {2007},
  pages     = {219-230},
  ee        = {http://www.vldb.org/conf/2007/papers/research/p219-nandi.pdf},
  bibsource = {DBLP, http://dblp.uni-trier.de}
}

@inproceedings{conf/vldb/SrikantA95,
  author    = {Ramakrishnan Srikant and
               Rakesh Agrawal},
  title     = {Mining Generalized Association Rules},
  booktitle = {VLDB},
  year      = {1995},
  pages     = {407-419},
  ee        = {db/conf/vldb/SrikantA95.html},
  bibsource = {DBLP, http://dblp.uni-trier.de}
}

@inproceedings{conf/vldb/XiaoWL08,
  author    = {Chuan Xiao and Wei Wang and Xuemin Lin},
  title     = {Ed-Join: An Efficient Algorithm for Similarity Joins With Edit Distance Constraints},
  booktitle = {VLDB},
  year      = {2008},
  ee        = {db/conf/vldb/SrikantA95.html},
  bibsource = {DBLP, http://dblp.uni-trier.de}
}

@inproceedings{conf/vldb/YangL04,
  author    = {Xiaochun Yang and
               Chen Li},
  title     = {Secure XML Publishing without Information Leakage in the
               Presence of Data Inference},
  booktitle = {VLDB},
  year      = {2004},
  pages     = {96-107},
  ee        = {http://www.vldb.org/conf/2004/RS3P2.PDF},
  bibsource = {DBLP, http://dblp.uni-trier.de}
}

@inproceedings{conf/webdb/Shmueli-ScheuerCGL07,
  author    = {Michal Shmueli-Scheuer and
               Amitabh Chaudhary and
               Avigdor Gal and
               Chen Li},
  title     = {Communication-Efficient Query Answering with Quality Guarantees
               in Client-Server Applications},
  booktitle = {WebDB},
  year      = {2007},
  ee        = {http://gemo.futurs.inria.fr/events/WebDB2007/Papers/p24.pdf},
  bibsource = {DBLP, http://dblp.uni-trier.de}
}

@inproceedings{conf/www/BayardoMS07,
  author    = {Roberto J. Bayardo and
               Yiming Ma and
               Ramakrishnan Srikant},
  title     = {Scaling up all pairs similarity search},
  booktitle = {WWW},
  year      = {2007},
  pages     = {131-140},
  ee        = {http://doi.acm.org/10.1145/1242572.1242591},
  bibsource = {DBLP, http://dblp.uni-trier.de}
}

@inproceedings{conf/www/JiLLF09,
  author    = {Shengyue Ji and
               Guoliang Li and
               Chen Li and
               Jianhua Feng},
  title     = {Efficient interactive fuzzy keyword search},
  booktitle = {WWW},
  year      = {2009},
  pages     = {371-380},
  ee        = {http://doi.acm.org/10.1145/1526709.1526760},
  bibsource = {DBLP, http://dblp.uni-trier.de}
}

@inproceedings{conf/www/MetwallyAA07,
  author    = {Ahmed Metwally and
               Divyakant Agrawal and
               Amr El Abbadi},
  title     = {Detectives: detecting coalition hit inflation attacks in
               advertising networks streams},
  booktitle = {WWW},
  year      = {2007},
  pages     = {241-250},
  ee        = {http://doi.acm.org/10.1145/1242572.1242606},
  bibsource = {DBLP, http://dblp.uni-trier.de}
}

@inproceedings{conf/www/SahamiH06,
  author    = {Mehran Sahami and
               Timothy D. Heilman},
  title     = {A web-based kernel function for measuring the similarity
               of short text snippets},
  booktitle = {WWW},
  year      = {2006},
  pages     = {377-386},
  ee        = {http://doi.acm.org/10.1145/1135777.1135834},
  bibsource = {DBLP, http://dblp.uni-trier.de}
}

@inproceedings{conf/www/SunCG07,
  author    = {Chong Sun and
               Chee Yong Chan and
               Amit K. Goenka},
  title     = {Multiway SLCA-based keyword search in XML data},
  booktitle = {WWW},
  year      = {2007},
  pages     = {1043-1052},
  ee        = {http://doi.acm.org/10.1145/1242572.1242713},
  bibsource = {DBLP, http://dblp.uni-trier.de}
}

@inproceedings{conf/www/XiaoWLY08,
  author    = {Chuan Xiao and
               Wei Wang and
               Xuemin Lin and
               Jeffrey Xu Yu},
  title     = {Efficient similarity joins for near duplicate detection},
  booktitle = {WWW},
  year      = {2008},
  pages     = {131-140},
  ee        = {http://doi.acm.org/10.1145/1367497.1367516},
  bibsource = {DBLP, http://dblp.uni-trier.de}
}

@article{journals/HeinzZ03, 
  author = {Steffen Heinz and Justin Zobel},
  title = {Efficient single-pass index construction for text databases},
  journal = {Jour. of the American Society for Inf. Science and Technology},
  year = {2003},
}

@article{journals/ai/MotodaY98,
  author    = {Hiroshi Motoda and
               Kenichi Yoshida},
  title     = {Machine Learning Techniques to Make Computers Easier to
               Use},
  journal   = {Artif. Intell.},
  volume    = {103},
  number    = {1-2},
  year      = {1998},
  pages     = {295-321},
  ee        = {http://dx.doi.org/10.1016/S0004-3702(98)00062-9},
  bibsource = {DBLP, http://dblp.uni-trier.de}
}

@article{journals/cacm/AgrawalABBCCDFFGGGHHHIKKMMOORSSSW09,
  author    = {Rakesh {Agrawal et al.}},
  title     = {The {Claremont} report on database research},
  journal   = {Commun. ACM},
  volume    = 52,
  number    = 6,
  year      = 2009,
  pages     = {56-65},
  ee        = {http://doi.acm.org/10.1145/1516046.1516062},
  bibsource = {DBLP, http://dblp.uni-trier.de}
}

@article{journals/cacm/DeWittG92,
  author    = {David J. DeWitt and
               Jim Gray},
  title     = {Parallel Database Systems: The Future of High Performance
               Database Systems},
  journal   = {Commun. ACM},
  volume    = {35},
  number    = {6},
  year      = {1992},
  pages     = {85-98},
  ee        = {db/journals/cacm/DeWittG92.html},
  bibsource = {DBLP, http://dblp.uni-trier.de}
}

@article{journals/cacm/DeanG08,
  author    = {Jeffrey Dean and
               Sanjay Ghemawat},
  title     = {{MapReduce:} simplified data processing on large clusters},
  journal   = {Commun. ACM},
  volume    = {51},
  number    = {1},
  year      = {2008},
  pages     = {107-113},
  ee        = {http://doi.acm.org/10.1145/1327452.1327492},
  bibsource = {DBLP, http://dblp.uni-trier.de}
}

@article{journals/cacm/DeanG10,
  author    = {Jeffrey Dean and
               Sanjay Ghemawat},
  title     = {{MapReduce:} a flexible data processing tool},
  journal   = {Commun. ACM},
  volume    = {53},
  number    = {1},
  year      = {2010},
  pages     = {72-77},
  ee        = {http://doi.acm.org/10.1145/1629175.1629198},
  bibsource = {DBLP, http://dblp.uni-trier.de}
}

@article{journals/cacm/StonebrakerADMPPR10,
  author    = {Michael Stonebraker and
               Daniel J. Abadi and
               David J. DeWitt and
               Samuel Madden and
               Erik Paulson and
               Andrew Pavlo and
               Alexander Rasin},
  title     = {MapReduce and parallel {DBMSs}: friends or foes?},
  journal   = {Commun. ACM},
  volume    = {53},
  number    = {1},
  year      = {2010},
  pages     = {64-71},
  ee        = {http://doi.acm.org/10.1145/1629175.1629197},
  bibsource = {DBLP, http://dblp.uni-trier.de}
}

@article{journals/cj/McDonnell77,
  author = {K. J. McDonell},
  title = {An inverted index implementation},
  journal = {Computer Journal},
  volume = {22},
  number = {2},
  year = {1977},
  issn = {0360-0300},
  pages = {116-123},
  publisher = {The British Computer Society}
}

@article{journals/clei/Navarro98,
  author = {Gonzalo Navarro and Ricardo Baeza-yates},
  title = {A Practical q-Gram Index for Text Retrieval Allowing Errors},
  journal = {CLEI Electronic Journal},
  year = {1998},
  volume = {1},
  pages = {http://www.clei.cl.}
}

@article{journals/cn/BroderGMZ97,
  author    = {Andrei Z. Broder and
               Steven C. Glassman and
               Mark S. Manasse and
               Geoffrey Zweig},
  title     = {Syntactic Clustering of the Web},
  journal   = {Computer Networks},
  volume    = {29},
  number    = {8-13},
  year      = {1997},
  pages     = {1157-1166},
  ee        = {http://dx.doi.org/10.1016/S0169-7552(97)00031-7},
  bibsource = {DBLP, http://dblp.uni-trier.de}
}

@article{journals/csur/Galil91,
  author = {Zvi Galil and Giuseppe F. Italiano},
  title = {Data structures and algorithms for disjoint set union problems},
  journal = {ACM Comput. Surv.},
  volume = {23},
  number = {3},
  year = {1991},
  issn = {0360-0300},
  pages = {319--344},
  doi = {http://doi.acm.org/10.1145/116873.116878},
  publisher = {ACM},
  address = {New York, NY, USA},
}

@article{journals/csur/Graefe93,
  author    = {Goetz Graefe},
  title     = {Query Evaluation Techniques for Large Databases},
  journal   = {ACM Comput. Surv.},
  volume    = {25},
  number    = {2},
  year      = {1993},
  pages     = {73-170},
  ee        = {db/journals/csur/Graefe93.html},
  bibsource = {DBLP, http://dblp.uni-trier.de}
}

@article{journals/csur/IlyasBS08,
  author    = {Ihab F. Ilyas and
               George Beskales and
               Mohamed A. Soliman},
  title     = {A survey of top-{\it } query processing techniques in
               relational database systems},
  journal   = {ACM Comput. Surv.},
  volume    = {40},
  number    = {4},
  year      = {2008},
  ee        = {http://doi.acm.org/10.1145/1391729.1391730},
  bibsource = {DBLP, http://dblp.uni-trier.de}
}

@article{journals/csur/Kukich92,
  author    = {Karen Kukich},
  title     = {Techniques for Automatically Correcting Words in Text},
  journal   = {ACM Comput. Surv.},
  volume    = {24},
  number    = {4},
  year      = {1992},
  pages     = {377-439},
  bibsource = {DBLP, http://dblp.uni-trier.de}
}

@article{journals/csur/Navarro01,
  author    = {Gonzalo Navarro},
  title     = {A guided tour to approximate string matching},
  journal   = {ACM Comput. Surv.},
  volume    = {33},
  number    = {1},
  year      = {2001}
}

@article{journals/csur/Zoebel06,
  author = {Justin Zobel and Alistair Moffat},
  title = {Inverted files for text search engines},
  journal = {ACM Comput. Surv.},
  volume = {38},
  number = {2},
  year = {2006},
  issn = {0360-0300},
  pages = {6},
  doi = {http://doi.acm.org/10.1145/1132956.1132959},
  publisher = {ACM},
  address = {New York, NY, USA},
}

@article{journals/debu/Holstege08,
  author    = {Mary Holstege},
  title     = {Big, Fast XQuery: Enabling Content Applications},
  journal   = {IEEE Data Eng. Bull.},
  volume    = {31},
  number    = {4},
  year      = {2008},
  pages     = {41-48},
  ee        = {http://sites.computer.org/debull/A08dec/marklogic.pdf},
  bibsource = {DBLP, http://dblp.uni-trier.de}
}

@article{journals/fundinf/Burkhardt02,
 author = {Burkhardt,, Stefan and K\"{a}rkk\"{a}inen,, Juha},
 title = {Better filtering with gapped q-grams},
 journal = {Fundam. Inf.},
 volume = {56},
 number = {1,2},
 year = {2002},
 issn = {0169-2968},
 pages = {51--70},
 publisher = {IOS Press},
 address = {Amsterdam, The Netherlands, The Netherlands},
}

@article{journals/ijdar/SchulzM02,
  author    = {Klaus U. Schulz and
               Stoyan Mihov},
  title     = {Fast string correction with Levenshtein automata},
  journal   = {IJDAR},
  volume    = {5},
  number    = {1},
  year      = {2002},
  pages     = {67-85},
  ee        = {http://dx.doi.org/10.1007/s10032-002-0082-8},
  bibsource = {DBLP, http://dblp.uni-trier.de}
}

@article{journals/ipm/LesterZW06,
  author = {Nicholas Lester and Justin Zobel and Hugh Williams},
  title = {Efficient online index maintenance for contiguous inverted lists},
  journal = {Inf. Process. Manage.},
  volume = {42},
  number = {4},
  year = {2006},
  issn = {0306-4573},
  pages = {916--933},
  publisher = {Pergamon Press, Inc.}
}

@article{journals/ipm/ShiehC05,
  author = {Wann-Yun Shieh and Chung-Ping Chung},
  title = {A statistics-based approach to incrementally update inverted files},
  journal = {Inf. Process. Manage.},
  volume = {41},
  number = {2},
  year = {2005},
  issn = {0306-4573},
  pages = {275--288}
}

@article{journals/ir/Anh05,
  author = {Vo Ngoc Anh 
            and Alistair Moffat},
  title = {Inverted Index Compression Using Word-Aligned Binary Codes},
  journal = {Inf. Retr.},
  volume = {8},
  number = {1},
  year = {2005},
  issn = {1386-4564},
  pages = {151--166},
  doi = {http://dx.doi.org/10.1023/B:INRT.0000048490.99518.5c},
  publisher = {Kluwer Academic Publishers},
  address = {Hingham, MA, USA},
}

@article{journals/ir/MoffatWZB07,
  author    = {Alistair Moffat and
               William Webber and
               Justin Zobel and
               Ricardo A. Baeza-Yates},
  title     = {A pipelined architecture for distributed text query evaluation},
  journal   = {Inf. Retr.},
  volume    = {10},
  number    = {3},
  year      = {2007},
  pages     = {205-231},
  ee        = {http://dx.doi.org/10.1007/s10791-006-9014-4},
  bibsource = {DBLP, http://dblp.uni-trier.de}
}

@ARTICLE{journals/it/Elias75,
title={Universal codeword sets and representations of the integers},
author={Elias, P.},
journal={Information Theory, IEEE Transactions on},
year={1975},
month={Mar},
volume={21},
number={2},
pages={ 194-203},
}

@ARTICLE{journals/it/Golomb66,
title={Run-length encodings (Corresp.)},
author={ Golomb, S.},
journal={Information Theory, IEEE Transactions on},
year={1966},
month={Jul},
volume={12},
number={3},
pages={ 399-401},
}

@article{journals/jacm/Morrison68,
    author    = {Donald R. Morrison},
    title     = {PATRICIA - Practical Algorithm To Retrieve Information Coded
    in Alphanumeric},
    journal   = {J. ACM},
    volume    = {15},
    number    = {4},
    year      = {1968},
    pages     = {514-534},
}



@article{journals/jasis/HoadZ03,
  author    = {Timothy C. Hoad and
               Justin Zobel},
  title     = {Methods for Identifying Versioned and Plagiarized Documents},
  journal   = {JASIST},
  volume    = {54},
  number    = {3},
  year      = {2003},
  pages     = {203-215},
  ee        = {http://dx.doi.org/10.1002/asi.10170},
  bibsource = {DBLP, http://dblp.uni-trier.de}
}

@article{journals/jcss/AfratiLU07,
  author    = {Foto N. Afrati and
               Chen Li and
               Jeffrey D. Ullman},
  title     = {Using views to generate efficient evaluation plans for queries},
  journal   = {J. Comput. Syst. Sci.},
  volume    = {73},
  number    = {5},
  year      = {2007},
  pages     = {703-724},
  ee        = {http://dx.doi.org/10.1016/j.jcss.2006.10.019},
  bibsource = {DBLP, http://dblp.uni-trier.de}
}

@article{journals/jea/BarbayLLS06,
  author    = {J{\'e}r{\'e}my Barbay and
               Alejandro L{\'o}pez-Ortiz and
               Tyler Lu and
               Alejandro Salinger},
  title     = {Faster Set Intersection Algorithms for Text Searching},
  journal   = {Journal of Experimental Algorithmics},
  year      = {2006}
}

@article{journals/ngc/KitsuregawaTM83,
  author    = {Masaru Kitsuregawa and
               Hidehiko Tanaka and
               Tohru Moto-Oka},
  title     = {Application of Hash to Data Base Machine and Its Architecture},
  journal   = {New Generation Comput.},
  volume    = {1},
  number    = {1},
  year      = {1983},
  pages     = {63-74},
  bibsource = {DBLP, http://dblp.uni-trier.de}
}

@article{journals/or/Dantzig57,
  author = {George B. Dantzig},
  title  = {Discrete-Variable Extremum Problems},
  journal  = {Operations Research},
  volume = {5},
  number = {2},
  year = {1957},
  pages = {266-288}
}


@article{journals/pvldb/AbouzeidBARS09,
  author    = {Azza Abouzeid and
               Kamil Bajda-Pawlikowski and
               Daniel J. Abadi and
               Alexander Rasin and
               Avi Silberschatz},
  title     = {{HadoopDB:} An Architectural Hybrid of {MapReduce} and
                  DBMS Technologies for Analytical Workloads},
  journal   = {PVLDB},
  volume    = {2},
  number    = {1},
  year      = {2009},
  pages     = {922-933},
  ee        = {http://www.vldb.org/pvldb/2/vldb09-861.pdf},
  bibsource = {DBLP, http://dblp.uni-trier.de}
}

@article{journals/pvldb/AgrawalGSDS09,
  author    = {Devesh Agrawal and
               Deepak Ganesan and
               Ramesh K. Sitaraman and
               Yanlei Diao and
               Shashi Singh},
  title     = {Lazy-Adaptive Tree: An Optimized Index Structure for Flash
               Devices},
  journal   = {PVLDB},
  volume    = {2},
  number    = {1},
  year      = {2009},
  pages     = {361-372},
}

@article{journals/pvldb/ChaikenJLRSWZ08,
  author    = {Ronnie Chaiken and
               Bob Jenkins and
               Per-{\AA}ke Larson and
               Bill Ramsey and
               Darren Shakib and
               Simon Weaver and
               Jingren Zhou},
  title     = {{SCOPE:} easy and efficient parallel processing of massive
               data sets},
  journal   = {PVLDB},
  volume    = {1},
  number    = {2},
  year      = {2008},
  pages     = {1265-1276},
  ee        = {http://www.vldb.org/pvldb/1/1454166.pdf},
  bibsource = {DBLP, http://dblp.uni-trier.de}
}

@article{journals/pvldb/CongJW09,
  author    = {Gao Cong and
               Christian S. Jensen and
               Dingming Wu},
  title     = {Efficient Retrieval of the Top-k Most Relevant Spatial Web
               Objects},
  journal   = {PVLDB},
  volume    = {2},
  number    = {1},
  year      = {2009}
}

@article{journals/pvldb/CooperRSSBJPWY08,
  author    = {Brian F. Cooper and
               Raghu Ramakrishnan and
               Utkarsh Srivastava and
               Adam Silberstein and
               Philip Bohannon and
               Hans-Arno Jacobsen and
               Nick Puz and
               Daniel Weaver and
               Ramana Yerneni},
  title     = {PNUTS: Yahoo!'s hosted data serving platform},
  journal   = {PVLDB},
  volume    = {1},
  number    = {2},
  year      = {2008},
  pages     = {1277-1288},
  ee        = {http://www.vldb.org/pvldb/1/1454167.pdf},
  bibsource = {DBLP, http://dblp.uni-trier.de}
}

@article{journals/pvldb/GatesNCKNORSS09,
  author    = {Alan Gates and
               Olga Natkovich and
               Shubham Chopra and
               Pradeep Kamath and
               Shravan Narayanam and
               Christopher Olston and
               Benjamin Reed and
               Santhosh Srinivasan and
               Utkarsh Srivastava},
  title     = {Building a HighLevel Dataflow System on top of {MapReduce:}
               The {Pig} Experience},
  journal   = {PVLDB},
  volume    = {2},
  number    = {2},
  year      = {2009},
  pages     = {1414-1425},
  ee        = {http://www.vldb.org/pvldb/2/vldb09-1074.pdf},
  bibsource = {DBLP, http://dblp.uni-trier.de}
}

@article{journals/pvldb/HadjieleftheriouL09,
  author    = {Marios Hadjieleftheriou and
               Chen Li},
  title     = {Efficient Approximate Search on String Collections},
  journal   = {PVLDB},
  volume    = {2},
  number    = {2},
  year      = {2009},
  pages     = {1660-1661},
}

@article{journals/pvldb/HadjieleftheriouYKS08,
  author    = {Marios Hadjieleftheriou and
               Xiaohui Yu and
               Nick Koudas and
               Divesh Srivastava},
  title     = {Hashed samples: selectivity estimators for set similarity
               selection queries},
  journal   = {PVLDB},
  volume    = {1},
  number    = {1},
  year      = {2008},
  pages     = {201-212},
  ee        = {http://www.vldb.org/pvldb/1/1453883.pdf},
  bibsource = {DBLP, http://dblp.uni-trier.de}
}

@article{journals/pvldb/KoltsidasV08,
  author    = {Ioannis Koltsidas and
               Stratis Viglas},
  title     = {Flashing up the storage layer},
  journal   = {PVLDB},
  volume    = {1},
  number    = {1},
  year      = {2008},
  pages     = {514-525},
}

@article{journals/pvldb/PuY08,
  author    = {Ken Q. Pu and
               Xiaohui Yu},
  title     = {Keyword query cleaning},
  journal   = {PVLDB},
  volume    = {1},
  number    = {1},
  year      = {2008},
  pages     = {909-920},
  ee        = {http://www.vldb.org/pvldb/1/1453955.pdf},
  bibsource = {DBLP, http://dblp.uni-trier.de}
}

@article{journals/sigops/BirrellITW07,
  author    = {Andrew Birrell and
               Michael Isard and
               Chuck Thacker and
               Ted Wobber},
  title     = {A design for high-performance flash disks},
  journal   = {Operating Systems Review},
  volume    = {41},
  number    = {2},
  year      = {2007},
  pages     = {88-93},
}

@article{journals/sp/PikeDGQ05,
  author    = {Rob Pike and
               Sean Dorward and
               Robert Griesemer and
               Sean Quinlan},
  title     = {Interpreting the data: Parallel analysis with {Sawzall}},
  journal   = {Scientific Programming},
  volume    = {13},
  number    = {4},
  year      = {2005},
  pages     = {277-298},
  ee        = {http://iospress.metapress.com/openurl.asp?genre=article{\&}issn=1058-9244{\&}volume=13{\&}issue=4{\&}spage=277},
  bibsource = {DBLP, http://dblp.uni-trier.de}
}

@article{journals/spe/Kurtz98,
    author = {Stefan Kurtz},
    title = {Reducing the Space Requirement of Suffix Trees},
    journal = {Software - Practice and Experience},
    year = {1998},
    volume = {29},
    pages = {1149--1171}
}

@article{journals/stir/RiceL83,
  author    = {{Rice}, R.~F. and {Lee}, J.~J.},
  title     = "{Some practical universal noiseless coding techniques, part 2}",
  journal   = {NASA STI/Recon Technical Report N},
  year      = 1983,
  month     = mar,
  volume    = 83,
  pages     = {28069-+},
  adsnote   = {Provided by the SAO/NASA Astrophysics Data System}
}

@article{journals/tcs/AfratiLM06,
  author    = {Foto N. Afrati and
               Chen Li and
               Prasenjit Mitra},
  title     = {Rewriting queries using views in the presence of arithmetic
               comparisons},
  journal   = {Theor. Comput. Sci.},
  volume    = {368},
  number    = {1-2},
  year      = {2006},
  pages     = {88-123},
  ee        = {http://dx.doi.org/10.1016/j.tcs.2006.08.020},
  bibsource = {DBLP, http://dblp.uni-trier.de}
}

@article{journals/tcs/Ukkonen92,
    author = {E. Ukkonen},
    title = {Approximae String Matching with q-Grams and Maximal Matching},
    journal = {Theor. Comut. Sci.},
    volume = {1},
    year = {1992},
    pages = {191-211},
}

@article{journals/tkde/BagchiCGLS06,
  author    = {Amitabha Bagchi and
               Amitabh Chaudhary and
               Michael T. Goodrich and
               Chen Li and
               Michal Shmueli-Scheuer},
  title     = {Achieving Communication Efficiency through Push-Pull Partitioning
               of Semantic Spaces to Disseminate Dynamic Information},
  journal   = {IEEE Trans. Knowl. Data Eng.},
  volume    = {18},
  number    = {10},
  year      = {2006},
  pages     = {1352-1367},
  ee        = {http://doi.ieeecomputersociety.org/10.1109/TKDE.2006.153},
  bibsource = {DBLP, http://dblp.uni-trier.de}
}

@article{journals/tkde/DeWittGSBHR90,
  author    = {David J. DeWitt and
               Shahram Ghandeharizadeh and
               Donovan A. Schneider and
               Allan Bricker and
               Hui-I Hsiao and
               Rick Rasmussen},
  title     = {The {Gamma} Database Machine Project},
  journal   = {IEEE Trans. Knowl. Data Eng.},
  volume    = {2},
  number    = {1},
  year      = {1990},
  pages     = {44-62},
  ee        = {db/journals/tkde/DeWittGSBHR90.html},
  bibsource = {DBLP, http://dblp.uni-trier.de}
}

@article{journals/tkde/ElmagarmidIV07,
  author    = {Ahmed K. Elmagarmid and
               Panagiotis G. Ipeirotis and
               Vassilios S. Verykios},
  title     = {Duplicate Record Detection: A Survey},
  journal   = {IEEE Trans. Knowl. Data Eng.},
  volume    = {19},
  number    = {1},
  year      = {2007},
  pages     = {1-16},
  ee        = {http://doi.ieeecomputersociety.org/10.1109/TKDE.2007.9},
  bibsource = {DBLP, http://dblp.uni-trier.de}
}

@article{journals/tkde/FoglaL06,
  author    = {Prahlad Fogla and
               Wenke Lee},
  title     = {q-Gram Matching Using Tree Models},
  journal   = {IEEE Trans. Knowl. Data Eng.},
  volume    = {18},
  number    = {4},
  year      = {2006},
  pages     = {433-447},
  ee        = {http://doi.ieeecomputersociety.org/10.1109/TKDE.2006.66},
  bibsource = {DBLP, http://dblp.uni-trier.de}
}

@article{journals/tkde/Graefe94,
  author    = {Goetz Graefe},
  title     = {Volcano - An Extensible and Parallel Query Evaluation System},
  journal   = {IEEE Trans. Knowl. Data Eng.},
  volume    = {6},
  number    = {1},
  year      = {1994},
  pages     = {120-135},
  ee        = {db/journals/tkde/Graefe94.html},
  bibsource = {DBLP, http://dblp.uni-trier.de}
}

@article{journals/toc/McIllroy98,
  author    = {M. D. McIllroy},
  title     = {Development of a spelling list},
  journal   = {IEEE Transactions on Communications},
  volume    = {30},
  number    = {1},
  year      = {1998},
  pages     = {91-99}
}

@article{journals/tocs/ChangDGHWBCFG08,
  author    = {Fay Chang and
               Jeffrey Dean and
               Sanjay Ghemawat and
               Wilson C. Hsieh and
               Deborah A. Wallach and
               Michael Burrows and
               Tushar Chandra and
               Andrew Fikes and
               Robert E. Gruber},
  title     = {Bigtable: A Distributed Storage System for Structured Data},
  journal   = {ACM Trans. Comput. Syst.},
  volume    = {26},
  number    = {2},
  year      = {2008},
  ee        = {http://doi.acm.org/10.1145/1365815.1365816},
  bibsource = {DBLP, http://dblp.uni-trier.de}
}

@article{journals/tods/BrunoCG02,
  author    = {Nicolas Bruno and
               Surajit Chaudhuri and
               Luis Gravano},
  title     = {Top-k selection queries over relational databases: Mapping
               strategies and performance evaluation},
  journal   = {ACM Trans. Database Syst.},
  volume    = {27},
  number    = {2},
  year      = {2002},
  pages     = {153-187},
  ee        = {http://doi.acm.org/10.1145/568518.568519},
  bibsource = {DBLP, http://dblp.uni-trier.de}
}

@article{journals/tods/LiC01,
  author    = {Chen Li and
               Edward Y. Chang},
  title     = {Answering queries with useful bindings},
  journal   = {ACM Trans. Database Syst.},
  volume    = {26},
  number    = {3},
  year      = {2001},
  pages     = {313-343},
  ee        = {http://doi.acm.org/10.1145/502030.502032},
  bibsource = {DBLP, http://dblp.uni-trier.de}
}

@article{journals/tods/MazeikaBKS07,
  author    = {Arturas Mazeika and
               Michael H. B{\"o}hlen and
               Nick Koudas and
               Divesh Srivastava},
  title     = {Estimating the selectivity of approximate string queries},
  journal   = {ACM Trans. Database Syst.},
  volume    = {32},
  number    = {2},
  year      = {2007},
  pages     = {12},
  ee        = {http://doi.acm.org/10.1145/1242524.1242529},
  bibsource = {DBLP, http://dblp.uni-trier.de}
}

@article{journals/tois/Cohen00,
author = {William W. Cohen },
title = {Data integration using similarity joins and a word-based
information representation language},
 journal = {ACM Transactions on information systems},
 volume    = {18},
  number    = {3},
year = 2000,
pages = {288-321}
}

@article{journals/tois/Moffat96,
  author = {Alistair Moffat and Justin Zobel},
  title = {Self-indexing inverted files for fast text retrieval},
  journal = {ACM Trans. Inf. Syst.},
  volume = {14},
  number = {4},
  year = {1996},
  issn = {1046-8188},
  pages = {349--379},
  doi = {http://doi.acm.org/10.1145/237496.237497},
  publisher = {ACM},
  address = {New York, NY, USA},
}

@article{journals/tois/WilliamsZB04,
  author    = {Hugh E. Williams and
               Justin Zobel and
               Dirk Bahle},
  title     = {Fast phrase querying with combined indexes},
  journal   = {ACM Trans. Inf. Syst.},
  volume    = {22},
  number    = {4},
  year      = {2004},
  pages     = {573-594},
  ee        = {http://doi.acm.org/10.1145/1028099.1028102},
  bibsource = {DBLP, http://dblp.uni-trier.de}
}

@article{journals/toit/LempelZ78,
  author    = {J. Ziv   and A. Lempel},
  title     = {Compression of individual sequences via variable-rate coding},
  journal   = {IEEE Transactions on  Information Theory},
  volume    = {24},
  number    = {5},
  year      = {1978},
  pages     = {530-536}
}

@article{journals/tos/ChoiLP09,
  author    = {Hyun-Jin Choi and
               Seung Ho Lim and
               Kyu Ho Park},
  title     = {JFTL: A flash translation layer based on a journal remapping
               for flash memory},
  journal   = {TOS},
  volume    = {4},
  number    = {4},
  year      = {2009},
}




@article{journals/vldb/ChirkovaLL06,
  author    = {Rada Chirkova and
               Chen Li and
               Jia Li},
  title     = {Answering queries using materialized views with minimum
               size},
  journal   = {VLDB J.},
  volume    = {15},
  number    = {3},
  year      = {2006},
  pages     = {191-210},
  ee        = {http://dx.doi.org/10.1007/s00778-005-0162-8},
  bibsource = {DBLP, http://dblp.uni-trier.de}
}

@article{journals/vldb/DalviKS08,
 author = {Bhavana Bharat Dalvi and Meghana Kshirsagar and S. Sudarshan},
 title = {Keyword search on external memory data graphs},
 journal = {Proc. VLDB Endow.},
 volume = {1},
 number = {1},
 year = {2008},
 pages = {1189--1204},
}

@article{journals/vldb/JinLV08,
  author    = {Liang Jin and
               Chen Li and
               Rares Vernica},
  title     = {{SEPIA}: estimating selectivities of approximate string predicates
               in large Databases},
  journal   = {VLDB J.},
  volume    = {17},
  number    = {5},
  year      = {2008},
  pages     = {1213-1229},
  ee        = {http://dx.doi.org/10.1007/s00778-007-0061-2},
  bibsource = {DBLP, http://dblp.uni-trier.de}
}

@article{journals/www/LiJM06,
  author    = {Chen Li and
               Liang Jin and
               Sharad Mehrotra},
  title     = {Supporting Efficient Record Linkage for Large Data Sets
               Using Mapping Techniques},
  journal   = {World Wide Web},
  volume    = {9},
  number    = {4},
  year      = {2006},
  pages     = {557-584},
  ee        = {http://dx.doi.org/10.1007/s11280-006-0226-8},
  bibsource = {DBLP, http://dblp.uni-trier.de}
}

@manual{manual/url/DB2Fuzzy08,
note   = "http://publib.boulder.ibm.com/infocenter/db2luw/v9r5/index.jsp?topic=/com.ibm.db2.luw.admin.nse.topics.doc/doc/t0052178.html",
title  = "Fuzzy Search in IBM DB2 9.5",
url    = "http://publib.boulder.ibm.com/infocenter/db2luw/v9r5/index.jsp?topic=/com.ibm.db2.luw.admin.nse.topics.doc/doc/t0052178.html",
year   = "2008"
}

@manual{manual/url/Googlewebquery08,
note   = "http://www.cogsci.uni-osnabrueck.de/~korpora/ws/cgi-bin/Web1T5/Web1T5_freq.perl",
title  = "Google Web 1T 5-Grams Query",
url    = "http://www.cogsci.uni-osnabrueck.de/~korpora/ws/cgi-bin/Web1T5/Web1T5_freq.perl",
year   = "2008"
}

@manual{manual/url/Oracletext07,
note   = "http://www.oracle.com/technology/products/text/pdf/11goracletexttwp.pdf",
title  = "Oracle Text, An Oracle Technical White Paper",
url    = "http://www.oracle.com/technology/products/text/pdf/11goracletexttwp.pdf",
year   = "2007"
}

@misc{misc/asterix,
  key          = {ASTERIX},
  note         = {ASTERIX,
                  http://asterix.ics.uci.edu},
}

@misc{misc/avro,
  key           = {Apache Avro},
  title         = {Apache {Avro}},
  howpublished  = {http://hadoop.apache.org/avro/}
}

@misc{misc/db2parallel,
  author       = {Chaitanya Baru and 
                  Gilles Fecteau and 
                  Ambuj Goyal and 
                  Hui-I Hsiao and 
                  Anant Jhingran and 
                  Sriram Padmanabhan and 
                  Walter Wilson and 
                  Ambuj Goyal Hui-{I} Hsiao},
  title        = {DB2 Parallel Edition},
  year         = {1995}
}

@misc{misc/ecommerce,
  author        = {{U.S. Department of Commerce, Washington, D.C.}},
  title         = {Quarterly Retail E-Commerce Sales, 4th Quarter 2008}, 
  howpublished  = {http://www2.census.gov/retail/releases/historical/ ecomm/08Q4.html}
}

@misc{misc/email,
  author        = {{The Radicati Group, Inc.}},
  title         = {Business User Survey, 2009},
  howpublished  = {http://www.radicati.com/wp/wp-content/uploads/ 2009/11/Business-User-Survey-2009-Executive-Summary1.pdf}
}

@misc{misc/fbstats,
  key           = {Facebook Press Room -- Statistics},
  title         = {Facebook Press Room -- Statistics},
  howpublished  = {http://www.facebook.com/press/info.php?statistics}
}

@misc{misc/flamingo,
  key          = {The FLAMINGO Project on Data Cleaning},
  note         = {The FLAMINGO Project on Data Cleaning,
                  http://flamingo.ics.uci.edu/},
}

@misc{misc/flamingo-package,
  key          = {The Flamingo Project on Data Cleaning},
  title        = {The {Flamingo} Project on Data Cleaning},
  howpublished = {http://flamingo.ics.uci.edu},
}

@misc{misc/flamingo4.0-2010,
      author = {Sattam Alsubaiee and Alexander Behm and Rares Vernica and Shengyue Ji and Jiaheng Lu and Liang Jin and Yiming Lu and Chen Li},
      year = {2010},
      title = {{UCI} {Flamingo} {Package} 4.0},
      url = {http://flamingo.ics.uci.edu/releases/4.0/},
      institution = {University of California, Irvine, School of Information and Computer Sciences}
}

@misc{misc/fr,
  key          = {Family Reunification},
  note         = {Family Reunification,
                  http://fr.ics.uci.edu/},
}

@misc{misc/genbank,
  key          = {GenBank},
  note         = {GenBank,
                  http://www.ncbi.nlm.nih.gov/Genbank},             
}

@misc{misc/googlengram,
  key          = {Web 1T 5-gram Version 1},
  note         = {Web 1T 5-gram Version 1,
                  http://www.ldc.upenn.edu/Catalog/CatalogEntry.jsp? catalogId=LDC2006T13},
}

@misc{misc/googleprot,
  key           = {Google Protocol Buffers},
  title         = {Google Protocol Buffers},
  howpublished  = {http://code.google.com/apis/protocolbuffers/}
}

@misc{misc/hadoop,
  key          = {Apache Hadoop},
  note         = {Apache Hadoop,
                  http://hadoop.apache.org},             
}

@misc{misc/hive,
  key          = {Apache Hive},
  note         = {Apache Hive,
                  http://hadoop.apache.org/hive},
}

@misc{misc/hivefb,
  author       = {Ashish Thusoo},
  title        = {Hive - {A} Petabyte Scale Data Warehouse using {Hadoop}},
  howpublished = {http://www.facebook.com/note.php? note\_id= 89508453919},
}

@misc{misc/jaql,
  key          = {Jaql},
  note         = {Jaql,
                  http://www.jaql.org},
}

@misc{misc/jaql01,
  key          = {Jaql 0.1},
  title        = {Jaql 0.1},
  howpublished = {http://www.jaql.org/release/0.1/jaql-overview.html}
}

@misc{misc/jaqlfuzzyjoin,
  key          = {JaqlFuzzyJoin},
  title        = {Jaql - {Fuzzy} Join Tutorial},
  howpublished = {http://code.google.com/p/jaql/wiki/fuzzyJoinTutorial},
}

@misc{misc/json,
  key            = {{JSON}},
  title          = {{JSON}},
  howpublished   = {http://www.json.org/}
}

@misc{misc/lucene,
  key          = {Apache Lucene},
  note         = {Apache Lucene, http://lucene.apache.org/},
}

@misc{misc/masterdata,
  key          = {Master Data Management},
  note         = {Master Data Management,
                  http://en.wikipedia.org/wiki/Master\_Data\_Management},
}

@misc{misc/mysql-full-text,
  key          = {MySQL 5.0 Reference Manual, Full-Text Search Functions},
  note         = {MySQL 5.0 Reference Manual, Full-Text Search
                  Functions,
                  http://dev.mysql.com/doc/mysql/en/\\Fulltext\_Search.html},
}

@misc{misc/newsdemise,
  author        = {{MarketWatch, The Wall Street Journal}},
  title         = {Will the News Survive?},
  howpublished  = {http://www.marketwatch.com/story/will-the-news-survive-2009-12-08}
},

@misc{misc/odmg,
  key          = {Object Database Management Systems},
  title        = {Object Database Management Systems},
  howpublished = {http://www.odbms.org/odmg/}
}

@misc{misc/pewtwitter,
  author        = {{Pew Internet \& American Life Project}},
  title         = {Twitter and Status Updating, {F}all 2009},
  howpublished  = {http://www.pewinternet. org/Reports/2009/17-Twitter-and-Status-Updating-Fall-2009.aspx}
}

@misc{misc/querycompilers,
  title  = {Building Query Compilers (manuscript)},
  author = {Guido Moerkotte},
  year   = {2009}
}

@misc{misc/ranking-survey,
    Author = {Ihab Ilyas and George Beskales and Mohamed A. Soliman},
    Title = {A Survey of Top-k Query Processing Techniques in Relational Database Systems},
    Howpublished = {ACM Computing Surveys},
    Year = {2008},
}

@misc{misc/sphinx,
  key          = {Sphinx SQL full-text search engine},
  note         = {Sphinx SQL full-text search engine,
                  http://www.sphinxsearch.com/},
}

@misc{misc/teradataborn,
  author       = {Carrie Ballinger},
  title        = {Born To Be Parallel. Why Parallel Origins Give
                  Teradata. Database an Enduring Performance
                  Edge.},
  institution  = {Teradata},
  howpublished = {http://www.teradata.com/library/pdf/eb3053.pdf}
}

@misc{misc/trilliumsoftware,
   author    = {International trillium software},
   title     = {http://www.trilliumsoftware.com/},
}

@misc{misc/tweeting,
  author        = {Bridget Coila},
  title         = {Twitter Hashtags, Retweets and Replies: How to Use Tagging With Symbols to Communicate Better in Tweets},
  howpublished  = {http://social-networking-tagging.suite101.com/article. cfm/twitter\_hashtags\_retweets\_and\_replies}
}

@misc{misc/xqft,
author = {Sihem Amer-Yahia and Chavdar Botev and Stephen Buxton and 
          Pat Case and Jochen Doerre and Michael Dyck and Mary Holstege and 
          Jim Melton and Michael Rys and Jayavel Shanmugasundaram},
title = {{XQuery} and {XPath} Full Text 1.0},
note  = {W3C Candidate Recommendation July 9, 2009.} }

@misc{misc/xquery,
  key          = {xquery},
  title        = {{XQuery} 1.0: An {XML} Query Language},
  howpublished = {http://www.w3.org/TR/xquery/}
}

@misc{misc/xqueryalgebratutorial,
  author = {Ioana Manolescu and Yannis Papakonstantinou},
  title  = {XQuery midflight: Emerging Database-Oriented Paradigms and a Classification of Research Advances},
  howpublished = {ICDE 2005 tutorial}
}

@techreport{techreport/BehmJLL08,
   author    = {Alexander Behm and Shengyue Ji and Chen Li and Jiaheng Lu},
   title     = {Space-Constrained Gram-Based Indexing for Efficient Approximate String Search (Full Version)},
   institution = {Department of  Computer Science, UC Irvine},
   year      = {June 2008},
}

@techreport{techreport/BehmLC09,
   author    = {Alexander Behm and Chen Li and Michael Carey},
   title     = {Answering Disk-Based Set-Similarity Selection Queries},
   institution = {Department of  Computer Science, UC Irvine},
   year      = {November 2009},
}

@techreport{techreport/Condie,
    Author = {Condie, Tyson and Conway, Neil and Alvaro, Peter and Hellerstein, Joseph M. and Elmeleegy, Khaled and Sears, Russell},
    Title = {MapReduce Online},
    Institution = {EECS Department, University of California, Berkeley},
    Year = {2009},
    Month = {Oct},
    URL = {http://www.eecs.berkeley.edu/Pubs/TechRpts/2009/EECS-2009-136.html},
    Number = {UCB/EECS-2009-136},
}

@techreport{techreport/JiL10,
   author      = {Shengyue Ji and Chen Li},
   title       = {Improving Location-Based Keyword Queries 
                by Effective Filtering and Interactive Search},
   institution = {Department of Computer Science, UC Irvine (submitted to EDBT'11)},
   year        = {2010},
}

@techreport{techreport/LiJLF08,
   author    = {Guoliang Li and Shengyue Ji and Chen Li and Jianhua Feng},
   title     = {InteractiveSearch: Efficient On-the-Fly Fuzzy Search},
   institution = {Department of  Computer Science, UC Irvine},
   year      = {September 2008},
}

@techreport{techreport/LiLF09,
  author    = {Guoliang Li and
               Chen Li and 
               Jianhua Feng},
  title     = {Supporting Search-As-You-Type Using SQL in Databases},
  institution = {Tsinghua University and UC Irvine},
  year      = {November 2009}
}

@techreport{techreport/LiWLF09,
  author    = {Guoliang Li and
               Jiannan Wang and
               Chen Li and 
               Jianhua Feng},
  title     = {Supporting Efficient Top-k Queries in Type-Ahead Search},
  institution = {Tsinghua University and UC Irvine},
  year      = {November 2009}
}

@techreport{techreport/Lin08,
   author    = {Jimmy Lin},
   title     = {Scalable Language Processing Algorithms for the Masses: A Case Study in Computing Word Co-occurrence Matrices with MapReduce},
   institution = {University of Maryland, College Park},
   year      = {June 2008},
}

@techreport{techreport/VernicaL09,
   author      = {Rares Vernica and Chen Li},
   title       = {{AKYRA}: Efficient Keyword-Query Cleaning in
                  Relational Databases},
   institution = {Department of Computer Science, UC Irvine},
   year        = {July 2010},
}

@techreport{techreport/xqft-spec,
  author       = {Sihem Amer-Yahia and 
                  Chavdar Botev and
                  Stephen Buxton and
                  Pat Case and
                  Jochen Doerre and
                  Mary Holstege and
                  Jim Melton and
                  Michael Rys and
                  Jayavel Shanmugasundaram},
  title        = "{XQuery and XPath Full Text 1.0}",
  institution  = {World Wide Web Consortium (W3C) Candidate Recommendation},
  year         = {2008},
  note         = {http://www.w3.org/TR/xpath-full-text-10/},
}

@techreport {techreport/xtreenet,
  author       = {Emiran Curtmola and
                  Alin Deutsch and 
                  K. K. Ramakrishnan and
                  Divesh Srivastava},
  title        = {Censorship-resistant Publishing},
  institution  = {University of California, San Diego},
  year         = 2008,
  note         = {http://db.ucsd.edu/xtreenet/xtreenetTR08.pdf},
}

@unpublished{up/JiLLF08,
  author    = {Shengyue Ji and Guoliang Li and Chen Li and Jianhua Feng},
  title     = {Efficient Interactive Fuzzy Keyword Search},
  note      = {WWW 2009}
}

@unpublished{up/LiJLF08,
  author    = {Guoliang Li and Shengyue Ji and Chen Li and Jianhua Feng},
  title     = {Efficient Type-Ahead Search on Relational Data: a TASTIER Approach},
  note      = {SIGMOD 2009}
}


@article{asterixvldb2014,
	Author = {Sattam Alsubaiee and Alexander Behm and Vinayak Borkar and Zachary Heilbron and Young-Seok Kim and Michael J. Carey and Markus Dreseler and Chen Li},
	Journal = {VLDB},
	Title = {Storage Management in AsterixDB},
	Year = {2014}}


@article{asterix-overview-vldb2015,
	Author = {Sattam Alsubaiee and
               Yasser Altowim and
               Hotham Altwaijry and
               Alexander Behm and
               Vinayak R. Borkar and
               Yingyi Bu and
               Michael J. Carey and
               Inci Cetindil and
               Madhusudan Cheelangi and
               Khurram Faraaz and
               Eugenia Gabrielova and
               Raman Grover and
               Zachary Heilbron and
               Young-Seok Kim and
               Chen Li and
               Guangqiang Li and
               Ji Mahn Ok and
               Nicola Onose and
               Pouria Pirzadeh and
               Vassilis J. Tsotras and
               Rares Vernica and
               Jian Wen and
               Till Westmann},
	Journal = {VLDB},
	Title = {AsterixDB: A Scalable, Open Source BDMS},
	Year = {2014}}
